@ARTICLE{Classification2020,
       author = {{Dahiwale}, A. and {Fremling}, C.},
        title = "{ZTF Transient Classification Report for 2020-05-30}",
      journal = {Transient Name Server Classification Report},
     keywords = {Transient, Supernova, 2020lcy, SN2020lcy, SN 2020lcy, 2020ksb, SN2020ksb, SN 2020ksb, 2020ldi, SN2020ldi, SN 2020ldi, 2020kuo, SN2020kuo, SN 2020kuo, 2020jar, SN2020jar, SN 2020jar, 2020krw, SN2020krw, SN 2020krw, 2020ktn, SN2020ktn, SN 2020ktn, 2020kku, SN2020kku, SN 2020kku, 2020jwp, SN2020jwp, SN 2020jwp, 2020kgp, SN2020kgp, SN 2020kgp, 2020jgb, SN2020jgb, SN 2020jgb, 2020fsl, SN2020fsl, SN 2020fsl, 2020gpe, SN2020gpe, SN 2020gpe, 2019wma, SN2019wma, SN 2019wma, 2020kbw, SN2020kbw, SN 2020kbw},
         year = 2020,
        month = may,
       volume = {2020-1624},
        pages = {1},
       adsurl = {https://ui.adsabs.harvard.edu/abs/2020TNSCR1624....1D},
      adsnote = {Provided by the SAO/NASA Astrophysics Data System}
}


@ARTICLE{Schlafly2011,
       author = {{Schlafly}, Edward F. and {Finkbeiner}, Douglas P.},
        title = "{Measuring Reddening with Sloan Digital Sky Survey Stellar Spectra and Recalibrating SFD}",
      journal = {\apj},
     keywords = {dust, extinction, Galaxy: stellar content, ISM: clouds, Astrophysics - Galaxy Astrophysics},
         year = 2011,
        month = aug,
       volume = {737},
       number = {2},
          eid = {103},
        pages = {103},
          doi = {10.1088/0004-637X/737/2/103},
archivePrefix = {arXiv},
       eprint = {1012.4804},
 primaryClass = {astro-ph.GA},
       adsurl = {https://ui.adsabs.harvard.edu/abs/2011ApJ...737..103S},
      adsnote = {Provided by the SAO/NASA Astrophysics Data System}
}

@INPROCEEDINGS{GNIRS1998,
       author = {{Elias}, Jonathan H. and {Vukobratovich}, Daniel and {Andrew}, John R. and {Cho}, Myung K. and {Cuberly}, Randy W. and {Don}, Ken and {Gerzoff}, Allen and {Harmer}, Charles F. and {Harris}, D. and {Heynssens}, Julie B. and {Hicks}, J. and {Kovacs}, A. and {Li}, Cheng and {Liang}, M. and {Moon}, Il K. and {Pearson}, Earl T. and {Plum}, G. and {Roddier}, Nicolas A. and {Tvedt}, J. and {Wolff}, Richard J. and {Wong}, Woon-Yin},
        title = "{Design of the Gemini near-infrared spectrometer}",
    booktitle = {Infrared Astronomical Instrumentation},
         year = 1998,
       editor = {{Fowler}, Albert M.},
       series = {Society of Photo-Optical Instrumentation Engineers (SPIE) Conference Series},
       volume = {3354},
        month = aug,
        pages = {555-565},
          doi = {10.1117/12.317281},
       adsurl = {https://ui.adsabs.harvard.edu/abs/1998SPIE.3354..555E},
      adsnote = {Provided by the SAO/NASA Astrophysics Data System}
}

@ARTICLE{pypeit:joss_arXiv,
       author = {{Prochaska}, J. Xavier and {Hennawi}, Joseph F. and {Westfall}, Kyle B. and
         {Cooke}, Ryan J. and {Wang}, Feige and {Hsyu}, Tiffany and
         {Davies}, Frederick B. and {Farina}, Emanuele Paolo},
        title = "{PypeIt: The Python Spectroscopic Data Reduction Pipeline}",
      journal = {arXiv e-prints},
     keywords = {Astrophysics - Instrumentation and Methods for Astrophysics},
         year = 2020,
        month = may,
          eid = {arXiv:2005.06505},
        pages = {arXiv:2005.06505},
archivePrefix = {arXiv},
       eprint = {2005.06505},
 primaryClass = {astro-ph.IM},
       adsurl = {https://ui.adsabs.harvard.edu/abs/2020arXiv200506505P},
      adsnote = {Provided by the SAO/NASA Astrophysics Data System}
}

@article{pypeit:joss_pub,
    doi = {10.21105/joss.02308},
    url = {https://doi.org/10.21105/joss.02308},
    year = {2020},
    publisher = {The Open Journal},
    volume = {5},
    number = {56},
    pages = {2308},
    author = {J. Xavier Prochaska and Joseph F. Hennawi and Kyle B. Westfall and Ryan J. Cooke and Feige Wang and Tiffany Hsyu and Frederick B. Davies and Emanuele Paolo Farina and Debora Pelliccia},
    title = {PypeIt: The Python Spectroscopic Data Reduction Pipeline},
    journal = {Journal of Open Source Software}
}

@MISC{pypeit:zenodo,
       author = {{Prochaska}, J. Xavier and {Hennawi}, Joseph and {Cooke}, Ryan and
         {Westfall}, Kyle and {Wang}, Feige and {EmAstro} and {Tiffanyhsyu} and
         {Wasserman}, Asher and {Villaume}, Alexa and {Marijana777} and
         {Schindler}, JT and {Young}, David and {Simha}, Sunil and
         {Wilde}, Matt and {Tejos}, Nicolas and {Isbell}, Jacob and
         {Fl{\"o}rs}, Andreas and {Sandford}, Nathan and {Vasovi{\'c}}, Zlatan and
         {Betts}, Edward and {Holden}, Brad},
        title = "{pypeit/PypeIt: Release 1.0.0}",
         year = 2020,
        month = apr,
          eid = {10.5281/zenodo.3743493},
          doi = {10.5281/zenodo.3743493},
      version = {v1.0.0},
    publisher = {Zenodo},
       adsurl = {https://ui.adsabs.harvard.edu/abs/2020zndo...3743493P},
      adsnote = {Provided by the SAO/NASA Astrophysics Data System}
}

@ARTICLE{Bulla2020,
       author = {{Bulla}, Mattia and {Miller}, Adam A. and {Yao}, Yuhan and {Dessart}, Luc and {Dhawan}, Suhail and {Papadogiannakis}, Semeli and {Biswas}, Rahul and {Goobar}, Ariel and {Kulkarni}, S.~R. and {Nordin}, Jakob and {Nugent}, Peter and {Polin}, Abigail and {Sollerman}, Jesper and {Bellm}, Eric C. and {Coughlin}, Michael W. and {Dekany}, Richard and {Golkhou}, V. Zach and {Graham}, Matthew J. and {Kasliwal}, Mansi M. and {Kupfer}, Thomas and {Laher}, Russ R. and {Masci}, Frank J. and {Porter}, Michael and {Rusholme}, Ben and {Shupe}, David L.},
        title = "{ZTF Early Observations of Type Ia Supernovae. III. Early-time Colors As a Test for Explosion Models and Multiple Populations}",
      journal = {\apj},
     keywords = {Surveys, Supernovae, Type Ia supernovae, 1671, 1668, 1728, Astrophysics - High Energy Astrophysical Phenomena},
         year = 2020,
        month = oct,
       volume = {902},
       number = {1},
          eid = {48},
        pages = {48},
          doi = {10.3847/1538-4357/abb13c},
archivePrefix = {arXiv},
       eprint = {2001.00587},
 primaryClass = {astro-ph.HE},
       adsurl = {https://ui.adsabs.harvard.edu/abs/2020ApJ...902...48B},
      adsnote = {Provided by the SAO/NASA Astrophysics Data System}
}

@ARTICLE{Fitzpatrick1999,
       author = {{Fitzpatrick}, Edward L.},
        title = "{Correcting for the Effects of Interstellar Extinction}",
      journal = {\pasp},
     keywords = {ISM: DUST, EXTINCTION, Astrophysics},
         year = 1999,
        month = jan,
       volume = {111},
       number = {755},
        pages = {63-75},
          doi = {10.1086/316293},
archivePrefix = {arXiv},
       eprint = {astro-ph/9809387},
 primaryClass = {astro-ph},
       adsurl = {https://ui.adsabs.harvard.edu/abs/1999PASP..111...63F},
      adsnote = {Provided by the SAO/NASA Astrophysics Data System}
}

@ARTICLE{Carrick2015_2M++,
       author = {{Carrick}, Jonathan and {Turnbull}, Stephen J. and {Lavaux}, Guilhem and {Hudson}, Michael J.},
        title = "{Cosmological parameters from the comparison of peculiar velocities with predictions from the 2M++ density field}",
      journal = {\mnras},
     keywords = {Local Group, cosmic background radiation, cosmological parameters, large-scale structure of Universe, Astrophysics - Cosmology and Nongalactic Astrophysics},
         year = 2015,
        month = jun,
       volume = {450},
       number = {1},
        pages = {317-332},
          doi = {10.1093/mnras/stv547},
archivePrefix = {arXiv},
       eprint = {1504.04627},
 primaryClass = {astro-ph.CO},
       adsurl = {https://ui.adsabs.harvard.edu/abs/2015MNRAS.450..317C},
      adsnote = {Provided by the SAO/NASA Astrophysics Data System}
}

@ARTICLE{Marion2009_NIR,
       author = {{Marion}, G.~H. and {H{\"o}flich}, P. and {Gerardy}, C.~L. and {Vacca}, W.~D. and {Wheeler}, J.~C. and {Robinson}, E.~L.},
        title = "{A Catalog of Near-Infrared Spectra from Type Ia Supernovae}",
      journal = {\aj},
     keywords = {cosmology: observations, infrared: general, line: identification, supernovae: general, Astrophysics - Cosmology and Nongalactic Astrophysics},
         year = 2009,
        month = sep,
       volume = {138},
       number = {3},
        pages = {727-757},
          doi = {10.1088/0004-6256/138/3/727},
archivePrefix = {arXiv},
       eprint = {0906.4085},
 primaryClass = {astro-ph.CO},
       adsurl = {https://ui.adsabs.harvard.edu/abs/2009AJ....138..727M},
      adsnote = {Provided by the SAO/NASA Astrophysics Data System}
}

@ARTICLE{Boyle2017_Helium,
       author = {{Boyle}, Aoife and {Sim}, Stuart A. and {Hachinger}, Stephan and {Kerzendorf}, Wolfgang},
        title = "{Helium in double-detonation models of type Ia supernovae}",
      journal = {\aap},
     keywords = {supernovae: general, white dwarfs, radiative transfer, Astrophysics - High Energy Astrophysical Phenomena, Astrophysics - Solar and Stellar Astrophysics},
         year = 2017,
        month = mar,
       volume = {599},
          eid = {A46},
        pages = {A46},
          doi = {10.1051/0004-6361/201629712},
archivePrefix = {arXiv},
       eprint = {1611.05938},
 primaryClass = {astro-ph.HE},
       adsurl = {https://ui.adsabs.harvard.edu/abs/2017A&A...599A..46B},
      adsnote = {Provided by the SAO/NASA Astrophysics Data System}
}

@article{polin_observational_2019,
	title = {Observational {Predictions} for {Sub}-{Chandrasekhar} {Mass} {Explosions}: {Further} {Evidence} for {Multiple} {Progenitor} {Systems} for {Type} {Ia} {Supernovae}},
	volume = {873},
	issn = {1538-4357},
	shorttitle = {Observational {Predictions} for {Sub}-{Chandrasekhar} {Mass} {Explosions}},
	url = {https://iopscience.iop.org/article/10.3847/1538-4357/aafb6a},
	doi = {10.3847/1538-4357/aafb6a},
	abstract = {We present a numerical parameter survey of sub-Chandrasekhar mass white dwarf (WD) explosions. Carbon–oxygen WDs accreting a helium shell have the potential to explode in the sub-Chandrasekhar mass regime. Previous studies have shown how the ignition of a helium shell can either directly ignite the WD at the core–shell interface or propagate a shock wave into the the core causing a central ignition. We examine the explosions of WDs from 0.6 to 1.2 Me with helium shells of 0.01, 0.05, and 0.08 Me. Distinct observational signatures of subChandrasekhar mass WD explosions are predicted for two categories of shell size. Thicker-shell models show an early time ﬂux excess, which is caused by the presence of radioactive material in the ashes of the helium shell, and red colors due to these ashes creating signiﬁcant line blanketing in the UV through the blue portion of the spectrum. Thin shell models reproduce several typical Type Ia supernova signatures. We identify a relationship between Si II velocity and luminosity that, for the ﬁrst time, identiﬁes a subclass of observed supernovae that are consistent with these models. This subclass is further delineated by the absence of carbon in their atmospheres. We suggest that the proposed difference in the ratio of selective to total extinction between the high velocity and normal velocity Type Ia supernovae is not due to differences in the properties of the dust around these events, but is rather an artifact of applying a single extinction correction to two intrinsically different populations of supernovae.},
	language = {en},
	number = {1},
	urldate = {2021-09-16},
	journal = {\apj},
	author = {Polin, Abigail and Nugent, Peter and Kasen, Daniel},
	month = mar,
	year = {2019},
	pages = {84},
	file = {Polin et al. - 2019 - Observational Predictions for Sub-Chandrasekhar Ma.pdf:/Users/chang/Zotero/storage/ZT8MLBCF/Polin et al. - 2019 - Observational Predictions for Sub-Chandrasekhar Ma.pdf:application/pdf},
}

@article{polin_nebular_2021,
	title = {Nebular {Models} of {Sub}-{Chandrasekhar} {Mass} {Type} {Ia} {Supernovae}: {Clues} to the {Origin} of {Ca}-rich {Transients}},
	volume = {906},
	issn = {1538-4357},
	shorttitle = {Nebular {Models} of {Sub}-{Chandrasekhar} {Mass} {Type} {Ia} {Supernovae}},
	url = {https://iopscience.iop.org/article/10.3847/1538-4357/abcccc},
	doi = {10.3847/1538-4357/abcccc},
	abstract = {We use non-local thermal equilibrium radiative transport modeling to examine observational signatures of subChandrasekhar mass double detonation explosions in the nebular phase. Results range from spectra that look like typical and subluminous Type Ia supernovae (SNe) for higher mass progenitors to spectra that look like Ca-rich transients for lower mass progenitors. This ignition mechanism produces an inherent relationship between emission features and the progenitor mass as the ratio of the nebular [Ca II]/[Fe III] emission lines increases with decreasing white dwarf mass. Examining the [Ca II]/[Fe III] nebular line ratio in a sample of observed SNe we ﬁnd further evidence for the two distinct classes of SNe Ia identiﬁed in Polin et al. by their relationship between Si II velocity and B-band magnitude, both at time of peak brightness. This suggests that SNe Ia arise from more than one progenitor channel, and provides an empirical method for classifying events based on their physical origin. Furthermore, we provide insight to the mysterious origin of Ca-rich transients. Low-mass double detonation models with only a small mass fraction of Ca (1\%) produce nebular spectra that cool primarily through forbidden [Ca II] emission.},
	language = {en},
	number = {1},
	urldate = {2021-09-16},
	journal = {\apj},
	author = {Polin, Abigail and Nugent, Peter and Kasen, Daniel},
	month = jan,
	year = {2021},
	pages = {65},
	file = {Polin et al. - 2021 - Nebular Models of Sub-Chandrasekhar Mass Type Ia S.pdf:/Users/chang/Zotero/storage/3HQTIF6Z/Polin et al. - 2021 - Nebular Models of Sub-Chandrasekhar Mass Type Ia S.pdf:application/pdf},
}

@article{de_los_reyes_manganese_2020,
	title = {Manganese {Indicates} a {Transition} from {Sub}- to {Near}-{Chandrasekhar} {Type} {Ia} {Supernovae} in {Dwarf} {Galaxies}},
	volume = {891},
	issn = {1538-4357},
	url = {https://iopscience.iop.org/article/10.3847/1538-4357/ab736f},
	doi = {10.3847/1538-4357/ab736f},
	abstract = {Manganese abundances are sensitive probes of the progenitors of Type Ia supernovae (SNe Ia). In this work, we present a catalog of manganese abundances in dwarf spheroidal satellites of the Milky Way, measured using medium-resolution spectroscopy. Using a simple chemical evolution model, we infer the manganese yield of SNe Ia in the Sculptor dwarf spheroidal galaxy (dSph) and compare to theoretical yields. The sub-solar yield from SNe Ia ([Mn Fe]Ia = -0.30-+00..0033 at [Fe/ H]=−1.5 dex, with negligible dependence on metallicity) implies that subChandrasekhar-mass (sub-MCh) white dwarf progenitors are the dominant channel of SNe Ia at early times in this galaxy, although some fraction (20\%) of MCh Type Ia or Type Iax SNe are still needed to produce the observed yield. First-order corrections for deviations from local thermodynamic equilibrium increase the inferred [Mn Fe]Ia by as much as ∼0.3 dex. However, our results also suggest that the nucleosynthetic source of SNe Ia may depend on environment. In particular, we ﬁnd that dSphs with extended star formation histories (Leo I, Fornax dSphs) appear to have higher [Mn/Fe] at a given metallicity than galaxies with early bursts of star formation (Sculptor dSph), suggesting that MCh progenitors may become the dominant channel of SNe Ia at later times in a galaxy’s chemical evolution.},
	language = {en},
	number = {1},
	urldate = {2022-01-06},
	journal = {\apj},
	author = {de los Reyes, Mithi A. C. and Kirby, Evan N. and Seitenzahl, Ivo R. and Shen, Ken J.},
	month = mar,
	year = {2020},
	pages = {85},
	file = {de los Reyes et al. - 2020 - Manganese Indicates a Transition from Sub- to Near.pdf:/Users/chang/Zotero/storage/TVQH2H7H/de los Reyes et al. - 2020 - Manganese Indicates a Transition from Sub- to Near.pdf:application/pdf},
}

@ARTICLE{shahbandeh_carnegie_2021,
       author = {{Shahbandeh}, M. and {Hsiao}, E.~Y. and {Ashall}, C. and {Teffs}, J. and {Hoeflich}, P. and {Morrell}, N. and {Phillips}, M.~M. and {Anderson}, J.~P. and {Baron}, E. and {Burns}, C.~R. and {Contreras}, C. and {Davis}, S. and {Diamond}, T.~R. and {Folatelli}, G. and {Galbany}, L. and {Gall}, C. and {Hachinger}, S. and {Holmbo}, S. and {Karamehmetoglu}, E. and {Kasliwal}, M.~M. and {Kirshner}, R.~P. and {Krisciunas}, K. and {Kumar}, S. and {Lu}, J. and {Marion}, G.~H. and {Mazzali}, P.~A. and {Piro}, A.~L. and {Sand}, D.~J. and {Stritzinger}, M.~D. and {Suntzeff}, N.~B. and {Taddia}, F. and {Uddin}, S.~A.},
        title = "{Carnegie Supernova Project-II: Near-infrared Spectroscopy of Stripped-envelope Core-collapse Supernovae}",
      journal = {\apj},
     keywords = {563, 304, 1729, 1730, 1668, Astrophysics - High Energy Astrophysical Phenomena},
         year = 2022,
        month = feb,
       volume = {925},
       number = {2},
          eid = {175},
        pages = {175},
          doi = {10.3847/1538-4357/ac4030},
archivePrefix = {arXiv},
       eprint = {2110.12083},
 primaryClass = {astro-ph.HE},
       adsurl = {https://ui.adsabs.harvard.edu/abs/2022ApJ...925..175S},
      adsnote = {Provided by the SAO/NASA Astrophysics Data System}
}

@ARTICLE{Hsiao_13ebh_2015,
       author = {{Hsiao}, E.~Y. and {Burns}, C.~R. and {Contreras}, C. and {H{\"o}flich}, P. and {Sand}, D. and {Marion}, G.~H. and {Phillips}, M.~M. and {Stritzinger}, M. and {Gonz{\'a}lez-Gait{\'a}n}, S. and {Mason}, R.~E. and {Folatelli}, G. and {Parent}, E. and {Gall}, C. and {Amanullah}, R. and {Anupama}, G.~C. and {Arcavi}, I. and {Banerjee}, D.~P.~K. and {Beletsky}, Y. and {Blanc}, G.~A. and {Bloom}, J.~S. and {Brown}, P.~J. and {Campillay}, A. and {Cao}, Y. and {De Cia}, A. and {Diamond}, T. and {Freedman}, W.~L. and {Gonzalez}, C. and {Goobar}, A. and {Holmbo}, S. and {Howell}, D.~A. and {Johansson}, J. and {Kasliwal}, M.~M. and {Kirshner}, R.~P. and {Krisciunas}, K. and {Kulkarni}, S.~R. and {Maguire}, K. and {Milne}, P.~A. and {Morrell}, N. and {Nugent}, P.~E. and {Ofek}, E.~O. and {Osip}, D. and {Palunas}, P. and {Perley}, D.~A. and {Persson}, S.~E. and {Piro}, A.~L. and {Rabus}, M. and {Roth}, M. and {Schiefelbein}, J.~M. and {Srivastav}, S. and {Sullivan}, M. and {Suntzeff}, N.~B. and {Surace}, J. and {Wo{\'z}niak}, P.~R. and {Yaron}, O.},
        title = "{Strong near-infrared carbon in the Type Ia supernova iPTF13ebh}",
      journal = {\aap},
     keywords = {infrared: general, supernovae: general, supernovae: individual: iPTF13ebh, Astrophysics - Solar and Stellar Astrophysics, Astrophysics - Cosmology and Nongalactic Astrophysics, Astrophysics - High Energy Astrophysical Phenomena},
         year = 2015,
        month = jun,
       volume = {578},
          eid = {A9},
        pages = {A9},
          doi = {10.1051/0004-6361/201425297},
archivePrefix = {arXiv},
       eprint = {1503.02293},
 primaryClass = {astro-ph.SR},
       adsurl = {https://ui.adsabs.harvard.edu/abs/2015A&A...578A...9H},
      adsnote = {Provided by the SAO/NASA Astrophysics Data System}
}

@ARTICLE{Hsiao_CSP_2019,
       author = {{Hsiao}, E.~Y. and {Phillips}, M.~M. and {Marion}, G.~H. and {Kirshner}, R.~P. and {Morrell}, N. and {Sand}, D.~J. and {Burns}, C.~R. and {Contreras}, C. and {Hoeflich}, P. and {Stritzinger}, M.~D. and {Valenti}, S. and {Anderson}, J.~P. and {Ashall}, C. and {Baltay}, C. and {Baron}, E. and {Banerjee}, D.~P.~K. and {Davis}, S. and {Diamond}, T.~R. and {Folatelli}, G. and {Freedman}, Wendy L. and {F{\"o}rster}, F. and {Galbany}, L. and {Gall}, C. and {Gonz{\'a}lez-Gait{\'a}n}, S. and {Goobar}, A. and {Hamuy}, M. and {Holmbo}, S. and {Kasliwal}, M.~M. and {Krisciunas}, K. and {Kumar}, S. and {Lidman}, C. and {Lu}, J. and {Nugent}, P.~E. and {Perlmutter}, S. and {Persson}, S.~E. and {Piro}, A.~L. and {Rabinowitz}, D. and {Roth}, M. and {Ryder}, S.~D. and {Schmidt}, B.~P. and {Shahbandeh}, M. and {Suntzeff}, N.~B. and {Taddia}, F. and {Uddin}, S. and {Wang}, L.},
        title = "{Carnegie Supernova Project-II: The Near-infrared Spectroscopy Program}",
      journal = {\pasp},
     keywords = {Astrophysics - Solar and Stellar Astrophysics},
         year = 2019,
        month = jan,
       volume = {131},
       number = {995},
        pages = {014002},
          doi = {10.1088/1538-3873/aae961},
archivePrefix = {arXiv},
       eprint = {1810.08213},
 primaryClass = {astro-ph.SR},
       adsurl = {https://ui.adsabs.harvard.edu/abs/2019PASP..131a4002H},
      adsnote = {Provided by the SAO/NASA Astrophysics Data System}
}


@article{de_18byg_2019,
	title = {{ZTF} 18aaqeasu ({SN2018byg}): {A} {Massive} {Helium}-shell {Double} {Detonation} on a {Sub}-{Chandrasekhar}-mass {White} {Dwarf}},
	volume = {873},
	issn = {2041-8213},
	shorttitle = {{ZTF} 18aaqeasu ({SN2018byg})},
	url = {https://iopscience.iop.org/article/10.3847/2041-8213/ab0aec},
	doi = {10.3847/2041-8213/ab0aec},
	abstract = {The detonation of a helium shell on a white dwarf (WD) has been proposed as a possible explosion triggering mechanism for SNe Ia. Here, we report ZTF 18aaqeasu (SN 2018byg/ATLAS 18pqq), a peculiar Type I supernova, consistent with being a helium-shell double-detonation. With a rise time of ≈18 days from explosion, the transient reached a peak absolute magnitude of MR≈−18.2 mag, exhibiting a light curve akin to sub-luminous SN 1991bg-like SNe Ia, albeit with an unusually steep increase in brightness within a week from explosion. Spectra taken near peak light exhibit prominent Si absorption features together with an unusually red color (g − r≈2 mag) arising from nearly complete line blanketing of ﬂux blueward of 5000 Å. This behavior is unlike any previously observed thermonuclear transient. Nebular phase spectra taken at and after ≈30 days from peak light reveal evidence of a thermonuclear detonation event dominated by Fe-group nucleosynthesis. We show that the peculiar properties of ZTF 18aaqeasu are consistent with the detonation of a massive (≈0.15 M) helium shell on a sub-Chandrasekhar mass (≈0.75 M) WD after including mixing of ≈0.2 M of material in the outer ejecta. These observations provide evidence of a likely rare class of thermonuclear supernovae arising from detonations of massive helium shells.},
	language = {en},
	number = {2},
	urldate = {2021-09-16},
	journal = {\apj},
	author = {De, Kishalay and Kasliwal, Mansi M. and Polin, Abigail and Nugent, Peter E. and Bildsten, Lars and Adams, Scott M. and Bellm, Eric C. and Blagorodnova, Nadia and Burdge, Kevin B. and Cannella, Christopher and Cenko, S. Bradley and Dekany, Richard G. and Feeney, Michael and Hale, David and Fremling, U. Christoffer and Graham, Matthew J. and Ho, Anna Y. Q. and Jencson, Jacob E. and Kulkarni, S. R. and Laher, Russ R. and Masci, Frank J. and Miller, Adam A. and Patterson, Maria T. and Rebbapragada, Umaa and Riddle, Reed L. and Shupe, David L. and Smith, Roger M.},
	month = mar,
	year = {2019},
	pages = {L18},
	file = {De et al. - 2019 - ZTF 18aaqeasu (SN2018byg) A Massive Helium-shell .pdf:/Users/chang/Zotero/storage/3VFIDJU6/De et al. - 2019 - ZTF 18aaqeasu (SN2018byg) A Massive Helium-shell .pdf:application/pdf},
}

@article{jiang_16jhr_2017,
	title = {A hybrid type {Ia} supernova with an early flash triggered by helium-shell detonation},
	volume = {550},
	issn = {0028-0836, 1476-4687},
	url = {http://www.nature.com/articles/nature23908},
	doi = {10.1038/nature23908},
	language = {en},
	number = {7674},
	urldate = {2021-12-17},
	journal = {Nature},
	author = {Jiang, Ji-an and Doi, Mamoru and Maeda, Keiichi and Shigeyama, Toshikazu and Nomoto, Ken’ichi and Yasuda, Naoki and Jha, Saurabh W. and Tanaka, Masaomi and Morokuma, Tomoki and Tominaga, Nozomu and Ivezić, Željko and Ruiz-Lapuente, Pilar and Stritzinger, Maximilian D. and Mazzali, Paolo A. and Ashall, Christopher and Mould, Jeremy and Baade, Dietrich and Suzuki, Nao and Connolly, Andrew J. and Patat, Ferdinando and Wang, Lifan and Yoachim, Peter and Jones, David and Furusawa, Hisanori and Miyazaki, Satoshi},
	month = oct,
	year = {2017},
	pages = {80--83},
	file = {Jiang et al. - 2017 - A hybrid type Ia supernova with an early flash tri.pdf:/Users/chang/Zotero/storage/SFYUTI5C/Jiang et al. - 2017 - A hybrid type Ia supernova with an early flash tri.pdf:application/pdf},
}

@article{jacobson-galan_16hnk_2020,
	title = {Ca hnk: {The} {Calcium}-rich {Transient} {Supernova} 2016hnk from a {Helium} {Shell} {Detonation} of a {Sub}-{Chandrasekhar} {White} {Dwarf}},
	volume = {896},
	issn = {1538-4357},
	shorttitle = {Ca hnk},
	url = {https://iopscience.iop.org/article/10.3847/1538-4357/ab94b8},
	doi = {10.3847/1538-4357/ab94b8},
	abstract = {We present observations and modeling of SN2016hnk, a Ca-rich supernova (SN) that is consistent with being the result of a He-shell double-detonation explosion of a C/O white dwarf. We ﬁnd that SN2016hnk is intrinsically red relative to typical thermonuclear SNe and has a relatively low peak luminosity ( MB=−15.4 mag), setting it apart from low-luminosity SNe Ia. SN2016hnk has a fast-rising light curve that is consistent with other Ca-rich transients (tr=15 days). We determine that SN2016hnk produced 0.03±0.01 Me of 56Ni and 0.9±0.3 Me of ejecta. The photospheric spectra show strong, high-velocity Ca II absorption and signiﬁcant line blanketing at λ{\textless}5000 Å, making it distinct from typical (SN 2005E-like) Ca-rich SNe. SN2016hnk is remarkably similar to SN2018byg, which was modeled as a He-shell double-detonation explosion. We demonstrate that the spectra and light curves of SN2016hnk are well modeled by the detonation of a 0.02 M helium shell on the surface of a 0.85 M C/O white dwarf. This analysis highlights the second observed case of a He-shell double-detonation and suggests a speciﬁc thermonuclear explosion that is physically distinct from SNe that are deﬁned simply by their low luminosities and strong [Ca II] emission.},
	language = {en},
	number = {2},
	urldate = {2022-01-12},
	journal = {\apj},
	author = {Jacobson-Gal\'{a}n, Wynn V. and Polin, Abigail and Foley, Ryan J. and Dimitriadis, Georgios and Kilpatrick, Charles D. and Margutti, Raffaella and Coulter, David A. and Jha, Saurabh W. and Jones, David O. and Kirshner, Robert P. and Pan, Yen-Chen and Piro, Anthony L. and Rest, Armin and Rojas-Bravo, César},
	month = jun,
	year = {2020},
	pages = {165},
	file = {Jacobson-Gal\'{a}n et al. - 2020 - Ca hnk The Calcium-rich Transient Supernova 2016h.pdf:/Users/chang/Zotero/storage/V4CGZ5FN/Jacobson-Gal\'{a}n et al. - 2020 - Ca hnk The Calcium-rich Transient Supernova 2016h.pdf:application/pdf},
}

@article{de_Ca_rich_2020,
	title = {The {Zwicky} {Transient} {Facility} {Census} of the {Local} {Universe}. {I}. {Systematic} {Search} for {Calcium}-rich {Gap} {Transients} {Reveals} {Three} {Related} {Spectroscopic} {Subclasses}},
	volume = {905},
	issn = {1538-4357},
	url = {https://iopscience.iop.org/article/10.3847/1538-4357/abb45c},
	doi = {10.3847/1538-4357/abb45c},
	abstract = {Using the Zwicky Transient Facility alert stream, we are conducting a large spectroscopic campaign to construct a complete, volume-limited sample of transients brighter than 20 mag, and coincident within 100″ of galaxies in the Census of the Local Universe catalog. We describe the experiment design and spectroscopic completeness from the ﬁrst 16 months of operations, which have classiﬁed 754 supernovae. We present results from a systematic search for calcium-rich gap transients in the sample of 22 low-luminosity (peak absolute magnitude M{\textgreater}−17), hydrogen-poor events found in the experiment. We report the detection of eight new events, and constrain their volumetric rate to 15\%±5\% of the SN Ia rate. Combining this sample with 10 previously known events, we ﬁnd a likely continuum of spectroscopic properties ranging from events with SN Ia–like features (Ca-Ia objects) to those with SN Ib/c–like features (Ca-Ib/c objects) at peak light. Within the Ca-Ib/c events, we ﬁnd two populations distinguished by their red (g−r≈1.5 mag) or green (g - r » 0.5 mag) colors at the r-band peak, wherein redder events show strong line blanketing features and slower light curves (similar to Ca-Ia objects), weaker He lines, and lower [Ca II]/[O I] in the nebular phase. We ﬁnd that all together the spectroscopic continuum, volumetric rates, and striking old environments are consistent with the explosive burning of He shells on low-mass white dwarfs. We suggest that Ca-Ia and red Ca-Ib/c objects arise from the double detonation of He shells, while green Ca-Ib/c objects are consistent with low-efﬁciency burning scenarios like detonations in lowdensity shells or deﬂagrations.},
	language = {en},
	number = {1},
	urldate = {2022-01-19},
	journal = {\apj},
	author = {De, Kishalay and Kasliwal, Mansi M. and Tzanidakis, Anastasios and Fremling, U. Christoffer and Adams, Scott and Aloisi, Robert and Andreoni, Igor and Bagdasaryan, Ashot and Bellm, Eric C. and Bildsten, Lars and Cannella, Christopher and Cook, David O. and Delacroix, Alexandre and Drake, Andrew and Duev, Dmitry and Dugas, Alison and Frederick, Sara and Gal-Yam, Avishay and Goldstein, Daniel and Golkhou, V. Zach and Graham, Matthew J. and Hale, David and Hankins, Matthew and Helou, George and Ho, Anna Y. Q. and Irani, Ido and Jencson, Jacob E. and Kaplan, David L. and Kaye, Stephen and Kulkarni, S. R. and Kupfer, Thomas and Laher, Russ R. and Leadbeater, Robin and Lunnan, Ragnhild and Masci, Frank J. and Miller, Adam A. and Neill, James D. and Ofek, Eran O. and Perley, Daniel A. and Polin, Abigail and Prince, Thomas A. and Quataert, Eliot and Reiley, Dan and Riddle, Reed L. and Rusholme, Ben and Sharma, Yashvi and Shupe, David L. and Sollerman, Jesper and Tartaglia, Leonardo and Walters, Richard and Yan, Lin and Yao, Yuhan},
	month = dec,
	year = {2020},
	pages = {58},
	file = {De et al. - 2020 - The Zwicky Transient Facility Census of the Local .pdf:/Users/chang/Zotero/storage/YD89AAAG/De et al. - 2020 - The Zwicky Transient Facility Census of the Local .pdf:application/pdf},
}

@article{galbany_16hnk_2019,
	title = {Evidence for a {Chandrasekhar}-mass explosion in the {Ca}-strong 1991bg-like type {Ia} supernova 2016hnk},
	volume = {630},
	issn = {0004-6361, 1432-0746},
	url = {https://www.aanda.org/10.1051/0004-6361/201935537},
	doi = {10.1051/0004-6361/201935537},
	abstract = {Aims. We present a comprehensive dataset of optical and near-infrared photometry and spectroscopy of type Ia supernova (SN) 2016hnk, combined with integral ﬁeld spectroscopy (IFS) of its host galaxy, MCG -01-06-070, and nearby environment. Our goal with this complete dataset is to understand the nature of this peculiar object.},
	language = {en},
	urldate = {2022-01-24},
	journal = {\aap},
	author = {Galbany, L. and Ashall, C. and Höflich, P. and González-Gaitán, S. and Taubenberger, S. and Stritzinger, M. and Hsiao, E. Y. and Mazzali, P. and Baron, E. and Blondin, S. and Bose, S. and Bulla, M. and Burke, J. F. and Burns, C. R. and Cartier, R. and Chen, P. and Della Valle, M. and Diamond, T. R. and Gutiérrez, C. P. and Harmanen, J. and Hiramatsu, D. and Holoien, T. W.-S. and Hosseinzadeh, G. and Howell, D. Andrew and Huang, Y. and Inserra, C. and de Jaeger, T. and Jha, S. W. and Kangas, T. and Kromer, M. and Lyman, J. D. and Maguire, K. and Marion, G. Howie and Milisavljevic, D. and Prentice, S. J. and Razza, A. and Reynolds, T. M. and Sand, D. J. and Shappee, B. J. and Shekhar, R. and Smartt, S. J. and Stassun, K. G. and Sullivan, M. and Valenti, S. and Villanueva, S. and Wang, X. and Wheeler, J. Craig and Zhai, Q. and Zhang, J.},
	month = oct,
	year = {2019},
	pages = {A76},
	file = {Galbany et al. - 2019 - Evidence for a Chandrasekhar-mass explosion in the.pdf:/Users/chang/Zotero/storage/XYNWAGGK/Galbany et al. - 2019 - Evidence for a Chandrasekhar-mass explosion in the.pdf:application/pdf},
}

@ARTICLE{wiserep_2012,
       author = {{Yaron}, Ofer and {Gal-Yam}, Avishay},
        title = "{WISeREP{\textemdash}An Interactive Supernova Data Repository}",
      journal = {\pasp},
     keywords = {Astrophysics - Instrumentation and Methods for Astrophysics, Astrophysics - Cosmology and Nongalactic Astrophysics, Astrophysics - High Energy Astrophysical Phenomena},
         year = 2012,
        month = jul,
       volume = {124},
       number = {917},
        pages = {668},
          doi = {10.1086/666656},
archivePrefix = {arXiv},
       eprint = {1204.1891},
 primaryClass = {astro-ph.IM},
       adsurl = {https://ui.adsabs.harvard.edu/abs/2012PASP..124..668Y},
      adsnote = {Provided by the SAO/NASA Astrophysics Data System}
}

@ARTICLE{SEDM_2018,
       author = {{Blagorodnova}, Nadejda and {Neill}, James D. and {Walters}, Richard and {Kulkarni}, Shrinivas R. and {Fremling}, Christoffer and {Ben-Ami}, Sagi and {Dekany}, Richard G. and {Fucik}, Jason R. and {Konidaris}, Nick and {Nash}, Reston and {Ngeow}, Chow-Choong and {Ofek}, Eran O. and {O' Sullivan}, Donal and {Quimby}, Robert and {Ritter}, Andreas and {Vyhmeister}, Karl E.},
        title = "{The SED Machine: A Robotic Spectrograph for Fast Transient Classification}",
      journal = {\pasp},
     keywords = {Astrophysics - Instrumentation and Methods for Astrophysics},
         year = 2018,
        month = mar,
       volume = {130},
       number = {985},
        pages = {035003},
          doi = {10.1088/1538-3873/aaa53f},
archivePrefix = {arXiv},
       eprint = {1710.02917},
 primaryClass = {astro-ph.IM},
       adsurl = {https://ui.adsabs.harvard.edu/abs/2018PASP..130c5003B},
      adsnote = {Provided by the SAO/NASA Astrophysics Data System}
}

@ARTICLE{P60_2006,
       author = {{Cenko}, S. Bradley and {Fox}, Derek B. and {Moon}, Dae-Sik and {Harrison}, Fiona A. and {Kulkarni}, S.~R. and {Henning}, John R. and {Guzman}, C. Dani and {Bonati}, Marco and {Smith}, Roger M. and {Thicksten}, Robert P. and {Doyle}, Michael W. and {Petrie}, Hal L. and {Gal-Yam}, Avishay and {Soderberg}, Alicia M. and {Anagnostou}, Nathaniel L. and {Laity}, Anastasia C.},
        title = "{The Automated Palomar 60 Inch Telescope}",
      journal = {\pasp},
     keywords = {Gamma Rays: Bursts, Telescopes, Astrophysics},
         year = 2006,
        month = oct,
       volume = {118},
       number = {848},
        pages = {1396-1406},
          doi = {10.1086/508366},
archivePrefix = {arXiv},
       eprint = {astro-ph/0608323},
 primaryClass = {astro-ph},
       adsurl = {https://ui.adsabs.harvard.edu/abs/2006PASP..118.1396C},
      adsnote = {Provided by the SAO/NASA Astrophysics Data System}
}

@ARTICLE{P200_1982,
       author = {{Oke}, J.~B. and {Gunn}, J.~E.},
        title = "{An Efficient Low Resolution and Moderate Resolution Spectrograph for the Hale Telescope}",
      journal = {\pasp},
         year = 1982,
        month = jun,
       volume = {94},
        pages = {586},
          doi = {10.1086/131027},
       adsurl = {https://ui.adsabs.harvard.edu/abs/1982PASP...94..586O},
      adsnote = {Provided by the SAO/NASA Astrophysics Data System}
}

@ARTICLE{Keck_1995,
       author = {{Oke}, J.~B. and {Cohen}, J.~G. and {Carr}, M. and {Cromer}, J. and {Dingizian}, A. and {Harris}, F.~H. and {Labrecque}, S. and {Lucinio}, R. and {Schaal}, W. and {Epps}, H. and {Miller}, J.},
        title = "{The Keck Low-Resolution Imaging Spectrometer}",
      journal = {\pasp},
     keywords = {INSTRUMENTATION: SPECTROGRAPHS},
         year = 1995,
        month = apr,
       volume = {107},
        pages = {375},
          doi = {10.1086/133562},
       adsurl = {https://ui.adsabs.harvard.edu/abs/1995PASP..107..375O},
      adsnote = {Provided by the SAO/NASA Astrophysics Data System}
}

@ARTICLE{Kauffmann_SDSS_2003,
       author = {{Kauffmann}, Guinevere and {Heckman}, Timothy M. and {White}, Simon D.~M. and {Charlot}, St{\'e}phane and {Tremonti}, Christy and {Brinchmann}, Jarle and {Bruzual}, Gustavo and {Peng}, Eric W. and {Seibert}, Mark and {Bernardi}, Mariangela and {Blanton}, Michael and {Brinkmann}, Jon and {Castander}, Francisco and {Cs{\'a}bai}, Istvan and {Fukugita}, Masataka and {Ivezic}, Zeljko and {Munn}, Jeffrey A. and {Nichol}, Robert C. and {Padmanabhan}, Nikhil and {Thakar}, Aniruddha R. and {Weinberg}, David H. and {York}, Donald},
        title = "{Stellar masses and star formation histories for {}10$^{5}$ galaxies from the Sloan Digital Sky Survey}",
      journal = {\mnras},
     keywords = {galaxies: evolution, galaxies: formation, galaxies: stellar content, Astrophysics},
         year = 2003,
        month = may,
       volume = {341},
       number = {1},
        pages = {33-53},
          doi = {10.1046/j.1365-8711.2003.06291.x},
archivePrefix = {arXiv},
       eprint = {astro-ph/0204055},
 primaryClass = {astro-ph},
       adsurl = {https://ui.adsabs.harvard.edu/abs/2003MNRAS.341...33K},
      adsnote = {Provided by the SAO/NASA Astrophysics Data System}
}

@ARTICLE{Brinchmann_SDSS_2004,
       author = {{Brinchmann}, J. and {Charlot}, S. and {White}, S.~D.~M. and {Tremonti}, C. and {Kauffmann}, G. and {Heckman}, T. and {Brinkmann}, J.},
        title = "{The physical properties of star-forming galaxies in the low-redshift Universe}",
      journal = {\mnras},
     keywords = {surveys, galaxies: abundances, galaxies: evolution, galaxies: fundamental parameters, galaxies: general, Astrophysics},
         year = 2004,
        month = jul,
       volume = {351},
       number = {4},
        pages = {1151-1179},
          doi = {10.1111/j.1365-2966.2004.07881.x},
archivePrefix = {arXiv},
       eprint = {astro-ph/0311060},
 primaryClass = {astro-ph},
       adsurl = {https://ui.adsabs.harvard.edu/abs/2004MNRAS.351.1151B},
      adsnote = {Provided by the SAO/NASA Astrophysics Data System}
}

@ARTICLE{Shen_DD_2014,
       author = {{Shen}, Ken J. and {Moore}, Kevin},
        title = "{The Initiation and Propagation of Helium Detonations in White Dwarf Envelopes}",
      journal = {\apj},
     keywords = {binaries: close, nuclear reactions, nucleosynthesis, abundances, supernovae: general, white dwarfs, Astrophysics - High Energy Astrophysical Phenomena, Astrophysics - Solar and Stellar Astrophysics},
         year = 2014,
        month = dec,
       volume = {797},
       number = {1},
          eid = {46},
        pages = {46},
          doi = {10.1088/0004-637X/797/1/46},
archivePrefix = {arXiv},
       eprint = {1409.3568},
 primaryClass = {astro-ph.HE},
       adsurl = {https://ui.adsabs.harvard.edu/abs/2014ApJ...797...46S},
      adsnote = {Provided by the SAO/NASA Astrophysics Data System}
}

@book{miller1994kast,
  title={The Kast Double Spectograph},
  author={Miller, J.S. and Stone, R.P.S.},
  series={Lick Observatory technical reports},
  url={https://books.google.com/books?id=QXk2AQAAIAAJ},
  year={1994},
  publisher={University of California Observatories/Lick Observatory}
}

@ARTICLE{Nugent_11fe_2011,
       author = {{Nugent}, Peter E. and {Sullivan}, Mark and {Cenko}, S. Bradley and {Thomas}, Rollin C. and {Kasen}, Daniel and {Howell}, D. Andrew and {Bersier}, David and {Bloom}, Joshua S. and {Kulkarni}, S.~R. and {Kandrashoff}, Michael T. and {Filippenko}, Alexei V. and {Silverman}, Jeffrey M. and {Marcy}, Geoffrey W. and {Howard}, Andrew W. and {Isaacson}, Howard T. and {Maguire}, Kate and {Suzuki}, Nao and {Tarlton}, James E. and {Pan}, Yen-Chen and {Bildsten}, Lars and {Fulton}, Benjamin J. and {Parrent}, Jerod T. and {Sand}, David and {Podsiadlowski}, Philipp and {Bianco}, Federica B. and {Dilday}, Benjamin and {Graham}, Melissa L. and {Lyman}, Joe and {James}, Phil and {Kasliwal}, Mansi M. and {Law}, Nicholas M. and {Quimby}, Robert M. and {Hook}, Isobel M. and {Walker}, Emma S. and {Mazzali}, Paolo and {Pian}, Elena and {Ofek}, Eran O. and {Gal-Yam}, Avishay and {Poznanski}, Dovi},
        title = "{Supernova SN 2011fe from an exploding carbon-oxygen white dwarf star}",
      journal = {\nat},
     keywords = {Astrophysics - Cosmology and Nongalactic Astrophysics, Astrophysics - Solar and Stellar Astrophysics},
         year = 2011,
        month = dec,
       volume = {480},
       number = {7377},
        pages = {344-347},
          doi = {10.1038/nature10644},
archivePrefix = {arXiv},
       eprint = {1110.6201},
 primaryClass = {astro-ph.CO},
       adsurl = {https://ui.adsabs.harvard.edu/abs/2011Natur.480..344N},
      adsnote = {Provided by the SAO/NASA Astrophysics Data System}
}

@ARTICLE{Guillochon_2017,
       author = {{Guillochon}, James and {Parrent}, Jerod and {Kelley}, Luke Zoltan and {Margutti}, Raffaella},
        title = "{An Open Catalog for Supernova Data}",
      journal = {\apj},
     keywords = {catalogs, ISM: supernova remnants, supernovae: general, Astrophysics - Solar and Stellar Astrophysics, Astrophysics - High Energy Astrophysical Phenomena, Astrophysics - Instrumentation and Methods for Astrophysics},
         year = 2017,
        month = jan,
       volume = {835},
       number = {1},
          eid = {64},
        pages = {64},
          doi = {10.3847/1538-4357/835/1/64},
archivePrefix = {arXiv},
       eprint = {1605.01054},
 primaryClass = {astro-ph.SR},
       adsurl = {https://ui.adsabs.harvard.edu/abs/2017ApJ...835...64G},
      adsnote = {Provided by the SAO/NASA Astrophysics Data System}
}

@ARTICLE{Shen_DD_2018,
       author = {{Shen}, Ken J. and {Kasen}, Daniel and {Miles}, Broxton J. and {Townsley}, Dean M.},
        title = "{Sub-Chandrasekhar-mass White Dwarf Detonations Revisited}",
      journal = {\apj},
     keywords = {binaries: close, nuclear reactions, nucleosynthesis, abundances, radiative transfer, supernovae: general, white dwarfs, Astrophysics - High Energy Astrophysical Phenomena, Astrophysics - Solar and Stellar Astrophysics},
         year = 2018,
        month = feb,
       volume = {854},
       number = {1},
          eid = {52},
        pages = {52},
          doi = {10.3847/1538-4357/aaa8de},
archivePrefix = {arXiv},
       eprint = {1706.01898},
 primaryClass = {astro-ph.HE},
       adsurl = {https://ui.adsabs.harvard.edu/abs/2018ApJ...854...52S},
      adsnote = {Provided by the SAO/NASA Astrophysics Data System}
}


@ARTICLE{Kromer_DD_2010,
       author = {{Kromer}, M. and {Sim}, S.~A. and {Fink}, M. and {R{\"o}pke}, F.~K. and {Seitenzahl}, I.~R. and {Hillebrandt}, W.},
        title = "{Double-detonation Sub-Chandrasekhar Supernovae: Synthetic Observables for Minimum Helium Shell Mass Models}",
      journal = {\apj},
     keywords = {methods: numerical, radiative transfer, supernovae: general, Astrophysics - High Energy Astrophysical Phenomena},
         year = 2010,
        month = aug,
       volume = {719},
       number = {2},
        pages = {1067-1082},
          doi = {10.1088/0004-637X/719/2/1067},
archivePrefix = {arXiv},
       eprint = {1006.4489},
 primaryClass = {astro-ph.HE},
       adsurl = {https://ui.adsabs.harvard.edu/abs/2010ApJ...719.1067K},
      adsnote = {Provided by the SAO/NASA Astrophysics Data System}
}

@ARTICLE{Fink_DD_2010,
       author = {{Fink}, M. and {R{\"o}pke}, F.~K. and {Hillebrandt}, W. and {Seitenzahl}, I.~R. and {Sim}, S.~A. and {Kromer}, M.},
        title = "{Double-detonation sub-Chandrasekhar supernovae: can minimum helium shell masses detonate the core?}",
      journal = {\aap},
     keywords = {supernovae: general, nuclear reactions, nucleosynthesis, abundances, hydrodynamics, methods: numerical, Astrophysics - Solar and Stellar Astrophysics},
         year = 2010,
        month = may,
       volume = {514},
          eid = {A53},
        pages = {A53},
          doi = {10.1051/0004-6361/200913892},
archivePrefix = {arXiv},
       eprint = {1002.2173},
 primaryClass = {astro-ph.SR},
       adsurl = {https://ui.adsabs.harvard.edu/abs/2010A&A...514A..53F},
      adsnote = {Provided by the SAO/NASA Astrophysics Data System}
}

@ARTICLE{TNS_2020,
       author = {{Dahiwale}, A. and {Fremling}, C.},
        title = "{ZTF Transient Classification Report for 2020-05-30}",
      journal = {Transient Name Server Classification Report},
     keywords = {Transient, Supernova, 2020lcy, SN2020lcy, SN 2020lcy, 2020ksb, SN2020ksb, SN 2020ksb, 2020ldi, SN2020ldi, SN 2020ldi, 2020kuo, SN2020kuo, SN 2020kuo, 2020jar, SN2020jar, SN 2020jar, 2020krw, SN2020krw, SN 2020krw, 2020ktn, SN2020ktn, SN 2020ktn, 2020kku, SN2020kku, SN 2020kku, 2020jwp, SN2020jwp, SN 2020jwp, 2020kgp, SN2020kgp, SN 2020kgp, 2020jgb, SN2020jgb, SN 2020jgb, 2020fsl, SN2020fsl, SN 2020fsl, 2020gpe, SN2020gpe, SN 2020gpe, 2019wma, SN2019wma, SN 2019wma, 2020kbw, SN2020kbw, SN 2020kbw},
         year = 2020,
        month = may,
       volume = {2020-1624},
        pages = {1},
       adsurl = {https://ui.adsabs.harvard.edu/abs/2020TNSCR1624....1D},
      adsnote = {Provided by the SAO/NASA Astrophysics Data System}
}

@INPROCEEDINGS{DEIMOS_2003,
       author = {{Faber}, Sandra M. and {Phillips}, Andrew C. and {Kibrick}, Robert I. and {Alcott}, Barry and {Allen}, Steven L. and {Burrous}, Jim and {Cantrall}, T. and {Clarke}, De and {Coil}, Alison L. and {Cowley}, David J. and {Davis}, Marc and {Deich}, William T.~S. and {Dietsch}, Ken and {Gilmore}, David K. and {Harper}, Carol A. and {Hilyard}, David F. and {Lewis}, Jeffrey P. and {McVeigh}, Molly and {Newman}, Jeffrey and {Osborne}, Jack and {Schiavon}, Ricardo and {Stover}, Richard J. and {Tucker}, Dean and {Wallace}, Vernon and {Wei}, Mingzhi and {Wirth}, Gregory and {Wright}, Christopher A.},
        title = "{The DEIMOS spectrograph for the Keck II Telescope: integration and testing}",
    booktitle = {Instrument Design and Performance for Optical/Infrared Ground-based Telescopes},
         year = 2003,
       editor = {{Iye}, Masanori and {Moorwood}, Alan F.~M.},
       series = {Society of Photo-Optical Instrumentation Engineers (SPIE) Conference Series},
       volume = {4841},
        month = mar,
        pages = {1657-1669},
          doi = {10.1117/12.460346},
       adsurl = {https://ui.adsabs.harvard.edu/abs/2003SPIE.4841.1657F},
      adsnote = {Provided by the SAO/NASA Astrophysics Data System}
}

@ARTICLE{BPT_1981,
       author = {{Baldwin}, J.~A. and {Phillips}, M.~M. and {Terlevich}, R.},
        title = "{Classification parameters for the emission-line spectra of extragalactic objects.}",
      journal = {\pasp},
     keywords = {Astronomical Spectroscopy, Emission Spectra, Line Spectra, Quasars, Seyfert Galaxies, Classifications, H Ii Regions, Photoionization, Planetary Nebulae, Shock Heating, Astrophysics},
         year = 1981,
        month = feb,
       volume = {93},
        pages = {5-19},
          doi = {10.1086/130766},
       adsurl = {https://ui.adsabs.harvard.edu/abs/1981PASP...93....5B},
      adsnote = {Provided by the SAO/NASA Astrophysics Data System}
}

@ARTICLE{Veilleux_1987,
       author = {{Veilleux}, Sylvain and {Osterbrock}, Donald E.},
        title = "{Spectral Classification of Emission-Line Galaxies}",
      journal = {\apjs},
     keywords = {Emission Spectra, Seyfert Galaxies, Spectral Line Width, Spectrum Analysis, Active Galaxies, Astronomical Models, Astronomical Spectroscopy, H Ii Regions, Hot Stars, Interstellar Extinction, Photoionization, Star Formation, Astrophysics, GALAXIES: SEYFERT},
         year = 1987,
        month = feb,
       volume = {63},
        pages = {295},
          doi = {10.1086/191166},
       adsurl = {https://ui.adsabs.harvard.edu/abs/1987ApJS...63..295V},
      adsnote = {Provided by the SAO/NASA Astrophysics Data System}
}

@ARTICLE{Johnson_prospector_2021,
       author = {{Johnson}, Benjamin D. and {Leja}, Joel and {Conroy}, Charlie and {Speagle}, Joshua S.},
        title = "{Stellar Population Inference with Prospector}",
      journal = {\apjs},
     keywords = {Galaxy evolution, Spectral energy distribution, Astronomy data modeling, 594, 2129, 1859, Astrophysics - Astrophysics of Galaxies, Astrophysics - Instrumentation and Methods for Astrophysics},
         year = 2021,
        month = jun,
       volume = {254},
       number = {2},
          eid = {22},
        pages = {22},
          doi = {10.3847/1538-4365/abef67},
archivePrefix = {arXiv},
       eprint = {2012.01426},
 primaryClass = {astro-ph.GA},
       adsurl = {https://ui.adsabs.harvard.edu/abs/2021ApJS..254...22J},
      adsnote = {Provided by the SAO/NASA Astrophysics Data System}
}

@ARTICLE{PS1_2016,
       author = {{Chambers}, K.~C. and {Magnier}, E.~A. and {Metcalfe}, N. and {Flewelling}, H.~A. and {Huber}, M.~E. and {Waters}, C.~Z. and {Denneau}, L. and {Draper}, P.~W. and {Farrow}, D. and {Finkbeiner}, D.~P. and {Holmberg}, C. and {Koppenhoefer}, J. and {Price}, P.~A. and {Rest}, A. and {Saglia}, R.~P. and {Schlafly}, E.~F. and {Smartt}, S.~J. and {Sweeney}, W. and {Wainscoat}, R.~J. and {Burgett}, W.~S. and {Chastel}, S. and {Grav}, T. and {Heasley}, J.~N. and {Hodapp}, K.~W. and {Jedicke}, R. and {Kaiser}, N. and {Kudritzki}, R. -P. and {Luppino}, G.~A. and {Lupton}, R.~H. and {Monet}, D.~G. and {Morgan}, J.~S. and {Onaka}, P.~M. and {Shiao}, B. and {Stubbs}, C.~W. and {Tonry}, J.~L. and {White}, R. and {Ba{\~n}ados}, E. and {Bell}, E.~F. and {Bender}, R. and {Bernard}, E.~J. and {Boegner}, M. and {Boffi}, F. and {Botticella}, M.~T. and {Calamida}, A. and {Casertano}, S. and {Chen}, W. -P. and {Chen}, X. and {Cole}, S. and {Deacon}, N. and {Frenk}, C. and {Fitzsimmons}, A. and {Gezari}, S. and {Gibbs}, V. and {Goessl}, C. and {Goggia}, T. and {Gourgue}, R. and {Goldman}, B. and {Grant}, P. and {Grebel}, E.~K. and {Hambly}, N.~C. and {Hasinger}, G. and {Heavens}, A.~F. and {Heckman}, T.~M. and {Henderson}, R. and {Henning}, T. and {Holman}, M. and {Hopp}, U. and {Ip}, W. -H. and {Isani}, S. and {Jackson}, M. and {Keyes}, C.~D. and {Koekemoer}, A.~M. and {Kotak}, R. and {Le}, D. and {Liska}, D. and {Long}, K.~S. and {Lucey}, J.~R. and {Liu}, M. and {Martin}, N.~F. and {Masci}, G. and {McLean}, B. and {Mindel}, E. and {Misra}, P. and {Morganson}, E. and {Murphy}, D.~N.~A. and {Obaika}, A. and {Narayan}, G. and {Nieto-Santisteban}, M.~A. and {Norberg}, P. and {Peacock}, J.~A. and {Pier}, E.~A. and {Postman}, M. and {Primak}, N. and {Rae}, C. and {Rai}, A. and {Riess}, A. and {Riffeser}, A. and {Rix}, H.~W. and {R{\"o}ser}, S. and {Russel}, R. and {Rutz}, L. and {Schilbach}, E. and {Schultz}, A.~S.~B. and {Scolnic}, D. and {Strolger}, L. and {Szalay}, A. and {Seitz}, S. and {Small}, E. and {Smith}, K.~W. and {Soderblom}, D.~R. and {Taylor}, P. and {Thomson}, R. and {Taylor}, A.~N. and {Thakar}, A.~R. and {Thiel}, J. and {Thilker}, D. and {Unger}, D. and {Urata}, Y. and {Valenti}, J. and {Wagner}, J. and {Walder}, T. and {Walter}, F. and {Watters}, S.~P. and {Werner}, S. and {Wood-Vasey}, W.~M. and {Wyse}, R.},
        title = "{The Pan-STARRS1 Surveys}",
      journal = {arXiv e-prints},
     keywords = {Astrophysics - Instrumentation and Methods for Astrophysics, Astrophysics - Earth and Planetary Astrophysics, Astrophysics - Astrophysics of Galaxies, Astrophysics - Solar and Stellar Astrophysics},
         year = 2016,
        month = dec,
          eid = {arXiv:1612.05560},
        pages = {arXiv:1612.05560},
archivePrefix = {arXiv},
       eprint = {1612.05560},
 primaryClass = {astro-ph.IM},
       adsurl = {https://ui.adsabs.harvard.edu/abs/2016arXiv161205560C},
      adsnote = {Provided by the SAO/NASA Astrophysics Data System}
}

@ARTICLE{VHS_2013,
       author = {{McMahon}, R.~G. and {Banerji}, M. and {Gonzalez}, E. and {Koposov}, S.~E. and {Bejar}, V.~J. and {Lodieu}, N. and {Rebolo}, R. and {VHS Collaboration}},
        title = "{First Scientific Results from the VISTA Hemisphere Survey (VHS)}",
      journal = {The Messenger},
         year = 2013,
        month = dec,
       volume = {154},
        pages = {35-37},
       adsurl = {https://ui.adsabs.harvard.edu/abs/2013Msngr.154...35M},
      adsnote = {Provided by the SAO/NASA Astrophysics Data System}
}

@ARTICLE{Galbany_PISCO_2018,
       author = {{Galbany}, L. and {Anderson}, J.~P. and {S{\'a}nchez}, S.~F. and {Kuncarayakti}, H. and {Pedraz}, S. and {Gonz{\'a}lez-Gait{\'a}n}, S. and {Stanishev}, V. and {Dom{\'\i}nguez}, I. and {Moreno-Raya}, M.~E. and {Wood-Vasey}, W.~M. and {Mour{\~a}o}, A.~M. and {Ponder}, K.~A. and {Badenes}, C. and {Moll{\'a}}, M. and {L{\'o}pez-S{\'a}nchez}, A.~R. and {Rosales-Ortega}, F.~F. and {V{\'\i}lchez}, J.~M. and {Garc{\'\i}a-Benito}, R. and {Marino}, R.~A.},
        title = "{PISCO: The PMAS/PPak Integral-field Supernova Hosts Compilation}",
      journal = {\apj},
     keywords = {H ii regions, supernovae: general, techniques: spectroscopic, Astrophysics - Astrophysics of Galaxies, Astrophysics - High Energy Astrophysical Phenomena, Astrophysics - Solar and Stellar Astrophysics},
         year = 2018,
        month = mar,
       volume = {855},
       number = {2},
          eid = {107},
        pages = {107},
          doi = {10.3847/1538-4357/aaaf20},
archivePrefix = {arXiv},
       eprint = {1802.01589},
 primaryClass = {astro-ph.GA},
       adsurl = {https://ui.adsabs.harvard.edu/abs/2018ApJ...855..107G},
      adsnote = {Provided by the SAO/NASA Astrophysics Data System}
}

@ARTICLE{Fremling_report_2020,
       author = {{Fremling}, C.},
        title = "{ZTF Transient Discovery Report for 2020-05-06}",
      journal = {Transient Name Server Discovery Report},
     keywords = {Transient, 2020jgb, AT2020jgb, AT 2020jgb, ZTF20aayhacx},
         year = 2020,
        month = may,
       volume = {2020-1247},
        pages = {1},
       adsurl = {https://ui.adsabs.harvard.edu/abs/2020TNSTR1247....1F},
      adsnote = {Provided by the SAO/NASA Astrophysics Data System}
}

@ARTICLE{Zackay_imagesub_2016,
       author = {{Zackay}, Barak and {Ofek}, Eran O. and {Gal-Yam}, Avishay},
        title = "{Proper Image Subtraction{\textemdash}Optimal Transient Detection, Photometry, and Hypothesis Testing}",
      journal = {\apj},
     keywords = {gravitational lensing: micro, methods: data analysis, methods: statistical, surveys, techniques: image processing, techniques: photometric, Astrophysics - Instrumentation and Methods for Astrophysics},
         year = 2016,
        month = oct,
       volume = {830},
       number = {1},
          eid = {27},
        pages = {27},
          doi = {10.3847/0004-637X/830/1/27},
archivePrefix = {arXiv},
       eprint = {1601.02655},
 primaryClass = {astro-ph.IM},
       adsurl = {https://ui.adsabs.harvard.edu/abs/2016ApJ...830...27Z},
      adsnote = {Provided by the SAO/NASA Astrophysics Data System}
}

@ARTICLE{Poznanski_2011,
       author = {{Poznanski}, Dovi and {Ganeshalingam}, Mohan and {Silverman}, Jeffrey M. and {Filippenko}, Alexei V.},
        title = "{Low-resolution sodium D absorption is a bad proxy for extinction}",
      journal = {\mnras},
     keywords = {supernovae: general, dust, extinction, galaxies: ISM, Astrophysics - Cosmology and Nongalactic Astrophysics},
         year = 2011,
        month = jul,
       volume = {415},
       number = {1},
        pages = {L81-L84},
          doi = {10.1111/j.1745-3933.2011.01084.x},
archivePrefix = {arXiv},
       eprint = {1106.1469},
 primaryClass = {astro-ph.CO},
       adsurl = {https://ui.adsabs.harvard.edu/abs/2011MNRAS.415L..81P},
      adsnote = {Provided by the SAO/NASA Astrophysics Data System}
}

@ARTICLE{Matheson_2000,
       author = {{Matheson}, Thomas and {Filippenko}, Alexei V. and {Barth}, Aaron J. and {Ho}, Luis C. and {Leonard}, Douglas C. and {Bershady}, Matthew A. and {Davis}, Marc and {Finley}, David S. and {Fisher}, David and {Gonz{\'a}lez}, Rosa A. and {Hawley}, Suzanne L. and {Koo}, David C. and {Li}, Weidong and {Lonsdale}, Carol J. and {Schlegel}, David and {Smith}, Harding E. and {Spinrad}, Hyron and {Wirth}, Gregory D.},
        title = "{Optical Spectroscopy of Supernova 1993J During Its First 2500 Days}",
      journal = {\aj},
     keywords = {Stars: Binaries: Close, Stars: Evolution, Stars: Mass Loss, Stars: Supernovae: General, supernovae: individual (SN 1993J), Astrophysics},
         year = 2000,
        month = sep,
       volume = {120},
       number = {3},
        pages = {1487-1498},
          doi = {10.1086/301518},
archivePrefix = {arXiv},
       eprint = {astro-ph/0006263},
 primaryClass = {astro-ph},
       adsurl = {https://ui.adsabs.harvard.edu/abs/2000AJ....120.1487M},
      adsnote = {Provided by the SAO/NASA Astrophysics Data System}
}

@ARTICLE{Maguire_2014,
       author = {{Maguire}, K. and {Sullivan}, M. and {Pan}, Y. -C. and {Gal-Yam}, A. and {Hook}, I.~M. and {Howell}, D.~A. and {Nugent}, P.~E. and {Mazzali}, P. and {Chotard}, N. and {Clubb}, K.~I. and {Filippenko}, A.~V. and {Kasliwal}, M.~M. and {Kandrashoff}, M.~T. and {Poznanski}, D. and {Saunders}, C.~M. and {Silverman}, J.~M. and {Walker}, E. and {Xu}, D.},
        title = "{Exploring the spectral diversity of low-redshift Type Ia supernovae using the Palomar Transient Factory}",
      journal = {\mnras},
     keywords = {supernovae: general, galaxies: general, distance scale, Astrophysics - High Energy Astrophysical Phenomena, Astrophysics - Cosmology and Nongalactic Astrophysics, Astrophysics - Solar and Stellar Astrophysics},
         year = 2014,
        month = nov,
       volume = {444},
       number = {4},
        pages = {3258-3274},
          doi = {10.1093/mnras/stu1607},
archivePrefix = {arXiv},
       eprint = {1408.1430},
 primaryClass = {astro-ph.HE},
       adsurl = {https://ui.adsabs.harvard.edu/abs/2014MNRAS.444.3258M},
      adsnote = {Provided by the SAO/NASA Astrophysics Data System}
}

@ARTICLE{Silverman_HVF_2015,
       author = {{Silverman}, Jeffrey M. and {Vink{\'o}}, J{\'o}zsef and {Marion}, G.~H. and {Wheeler}, J. Craig and {Barna}, Barnab{\'a}s and {Szalai}, Tam{\'a}s and {Mulligan}, Brian W. and {Filippenko}, Alexei V.},
        title = "{High-velocity features of calcium and silicon in the spectra of Type Ia supernovae}",
      journal = {\mnras},
     keywords = {methods: data analysis, techniques: spectroscopic, supernovae: general, Astrophysics - High Energy Astrophysical Phenomena, Astrophysics - Cosmology and Nongalactic Astrophysics},
         year = 2015,
        month = aug,
       volume = {451},
       number = {2},
        pages = {1973-2014},
          doi = {10.1093/mnras/stv1011},
archivePrefix = {arXiv},
       eprint = {1502.07278},
 primaryClass = {astro-ph.HE},
       adsurl = {https://ui.adsabs.harvard.edu/abs/2015MNRAS.451.1973S},
      adsnote = {Provided by the SAO/NASA Astrophysics Data System}
}

@ARTICLE{Dey_2019,
       author = {{Dey}, Arjun and {Schlegel}, David J. and {Lang}, Dustin and {Blum}, Robert and {Burleigh}, Kaylan and {Fan}, Xiaohui and {Findlay}, Joseph R. and {Finkbeiner}, Doug and {Herrera}, David and {Juneau}, St{\'e}phanie and {Landriau}, Martin and {Levi}, Michael and {McGreer}, Ian and {Meisner}, Aaron and {Myers}, Adam D. and {Moustakas}, John and {Nugent}, Peter and {Patej}, Anna and {Schlafly}, Edward F. and {Walker}, Alistair R. and {Valdes}, Francisco and {Weaver}, Benjamin A. and {Y{\`e}che}, Christophe and {Zou}, Hu and {Zhou}, Xu and {Abareshi}, Behzad and {Abbott}, T.~M.~C. and {Abolfathi}, Bela and {Aguilera}, C. and {Alam}, Shadab and {Allen}, Lori and {Alvarez}, A. and {Annis}, James and {Ansarinejad}, Behzad and {Aubert}, Marie and {Beechert}, Jacqueline and {Bell}, Eric F. and {BenZvi}, Segev Y. and {Beutler}, Florian and {Bielby}, Richard M. and {Bolton}, Adam S. and {Brice{\~n}o}, C{\'e}sar and {Buckley-Geer}, Elizabeth J. and {Butler}, Karen and {Calamida}, Annalisa and {Carlberg}, Raymond G. and {Carter}, Paul and {Casas}, Ricard and {Castander}, Francisco J. and {Choi}, Yumi and {Comparat}, Johan and {Cukanovaite}, Elena and {Delubac}, Timoth{\'e}e and {DeVries}, Kaitlin and {Dey}, Sharmila and {Dhungana}, Govinda and {Dickinson}, Mark and {Ding}, Zhejie and {Donaldson}, John B. and {Duan}, Yutong and {Duckworth}, Christopher J. and {Eftekharzadeh}, Sarah and {Eisenstein}, Daniel J. and {Etourneau}, Thomas and {Fagrelius}, Parker A. and {Farihi}, Jay and {Fitzpatrick}, Mike and {Font-Ribera}, Andreu and {Fulmer}, Leah and {G{\"a}nsicke}, Boris T. and {Gaztanaga}, Enrique and {George}, Koshy and {Gerdes}, David W. and {Gontcho}, Satya Gontcho A. and {Gorgoni}, Claudio and {Green}, Gregory and {Guy}, Julien and {Harmer}, Diane and {Hernandez}, M. and {Honscheid}, Klaus and {Huang}, Lijuan Wendy and {James}, David J. and {Jannuzi}, Buell T. and {Jiang}, Linhua and {Joyce}, Richard and {Karcher}, Armin and {Karkar}, Sonia and {Kehoe}, Robert and {Kneib}, Jean-Paul and {Kueter-Young}, Andrea and {Lan}, Ting-Wen and {Lauer}, Tod R. and {Le Guillou}, Laurent and {Le Van Suu}, Auguste and {Lee}, Jae Hyeon and {Lesser}, Michael and {Perreault Levasseur}, Laurence and {Li}, Ting S. and {Mann}, Justin L. and {Marshall}, Robert and {Mart{\'\i}nez-V{\'a}zquez}, C.~E. and {Martini}, Paul and {du Mas des Bourboux}, H{\'e}lion and {McManus}, Sean and {Meier}, Tobias Gabriel and {M{\'e}nard}, Brice and {Metcalfe}, Nigel and {Mu{\~n}oz-Guti{\'e}rrez}, Andrea and {Najita}, Joan and {Napier}, Kevin and {Narayan}, Gautham and {Newman}, Jeffrey A. and {Nie}, Jundan and {Nord}, Brian and {Norman}, Dara J. and {Olsen}, Knut A.~G. and {Paat}, Anthony and {Palanque-Delabrouille}, Nathalie and {Peng}, Xiyan and {Poppett}, Claire L. and {Poremba}, Megan R. and {Prakash}, Abhishek and {Rabinowitz}, David and {Raichoor}, Anand and {Rezaie}, Mehdi and {Robertson}, A.~N. and {Roe}, Natalie A. and {Ross}, Ashley J. and {Ross}, Nicholas P. and {Rudnick}, Gregory and {Safonova}, Sasha and {Saha}, Abhijit and {S{\'a}nchez}, F. Javier and {Savary}, Elodie and {Schweiker}, Heidi and {Scott}, Adam and {Seo}, Hee-Jong and {Shan}, Huanyuan and {Silva}, David R. and {Slepian}, Zachary and {Soto}, Christian and {Sprayberry}, David and {Staten}, Ryan and {Stillman}, Coley M. and {Stupak}, Robert J. and {Summers}, David L. and {Sien Tie}, Suk and {Tirado}, H. and {Vargas-Maga{\~n}a}, Mariana and {Vivas}, A. Katherina and {Wechsler}, Risa H. and {Williams}, Doug and {Yang}, Jinyi and {Yang}, Qian and {Yapici}, Tolga and {Zaritsky}, Dennis and {Zenteno}, A. and {Zhang}, Kai and {Zhang}, Tianmeng and {Zhou}, Rongpu and {Zhou}, Zhimin},
        title = "{Overview of the DESI Legacy Imaging Surveys}",
      journal = {\aj},
     keywords = {catalogs, surveys, Astrophysics - Instrumentation and Methods for Astrophysics},
         year = 2019,
        month = may,
       volume = {157},
       number = {5},
          eid = {168},
        pages = {168},
          doi = {10.3847/1538-3881/ab089d},
archivePrefix = {arXiv},
       eprint = {1804.08657},
 primaryClass = {astro-ph.IM},
       adsurl = {https://ui.adsabs.harvard.edu/abs/2019AJ....157..168D},
      adsnote = {Provided by the SAO/NASA Astrophysics Data System}
}

@ARTICLE{York_2000,
       author = {{York}, Donald G. and {Adelman}, J. and {Anderson}, John E., Jr. and {Anderson}, Scott F. and {Annis}, James and {Bahcall}, Neta A. and {Bakken}, J.~A. and {Barkhouser}, Robert and {Bastian}, Steven and {Berman}, Eileen and {Boroski}, William N. and {Bracker}, Steve and {Briegel}, Charlie and {Briggs}, John W. and {Brinkmann}, J. and {Brunner}, Robert and {Burles}, Scott and {Carey}, Larry and {Carr}, Michael A. and {Castander}, Francisco J. and {Chen}, Bing and {Colestock}, Patrick L. and {Connolly}, A.~J. and {Crocker}, J.~H. and {Csabai}, Istv{\'a}n and {Czarapata}, Paul C. and {Davis}, John Eric and {Doi}, Mamoru and {Dombeck}, Tom and {Eisenstein}, Daniel and {Ellman}, Nancy and {Elms}, Brian R. and {Evans}, Michael L. and {Fan}, Xiaohui and {Federwitz}, Glenn R. and {Fiscelli}, Larry and {Friedman}, Scott and {Frieman}, Joshua A. and {Fukugita}, Masataka and {Gillespie}, Bruce and {Gunn}, James E. and {Gurbani}, Vijay K. and {de Haas}, Ernst and {Haldeman}, Merle and {Harris}, Frederick H. and {Hayes}, J. and {Heckman}, Timothy M. and {Hennessy}, G.~S. and {Hindsley}, Robert B. and {Holm}, Scott and {Holmgren}, Donald J. and {Huang}, Chi-hao and {Hull}, Charles and {Husby}, Don and {Ichikawa}, Shin-Ichi and {Ichikawa}, Takashi and {Ivezi{\'c}}, {\v{Z}}eljko and {Kent}, Stephen and {Kim}, Rita S.~J. and {Kinney}, E. and {Klaene}, Mark and {Kleinman}, A.~N. and {Kleinman}, S. and {Knapp}, G.~R. and {Korienek}, John and {Kron}, Richard G. and {Kunszt}, Peter Z. and {Lamb}, D.~Q. and {Lee}, B. and {Leger}, R. French and {Limmongkol}, Siriluk and {Lindenmeyer}, Carl and {Long}, Daniel C. and {Loomis}, Craig and {Loveday}, Jon and {Lucinio}, Rich and {Lupton}, Robert H. and {MacKinnon}, Bryan and {Mannery}, Edward J. and {Mantsch}, P.~M. and {Margon}, Bruce and {McGehee}, Peregrine and {McKay}, Timothy A. and {Meiksin}, Avery and {Merelli}, Aronne and {Monet}, David G. and {Munn}, Jeffrey A. and {Narayanan}, Vijay K. and {Nash}, Thomas and {Neilsen}, Eric and {Neswold}, Rich and {Newberg}, Heidi Jo and {Nichol}, R.~C. and {Nicinski}, Tom and {Nonino}, Mario and {Okada}, Norio and {Okamura}, Sadanori and {Ostriker}, Jeremiah P. and {Owen}, Russell and {Pauls}, A. George and {Peoples}, John and {Peterson}, R.~L. and {Petravick}, Donald and {Pier}, Jeffrey R. and {Pope}, Adrian and {Pordes}, Ruth and {Prosapio}, Angela and {Rechenmacher}, Ron and {Quinn}, Thomas R. and {Richards}, Gordon T. and {Richmond}, Michael W. and {Rivetta}, Claudio H. and {Rockosi}, Constance M. and {Ruthmansdorfer}, Kurt and {Sandford}, Dale and {Schlegel}, David J. and {Schneider}, Donald P. and {Sekiguchi}, Maki and {Sergey}, Gary and {Shimasaku}, Kazuhiro and {Siegmund}, Walter A. and {Smee}, Stephen and {Smith}, J. Allyn and {Snedden}, S. and {Stone}, R. and {Stoughton}, Chris and {Strauss}, Michael A. and {Stubbs}, Christopher and {SubbaRao}, Mark and {Szalay}, Alexander S. and {Szapudi}, Istvan and {Szokoly}, Gyula P. and {Thakar}, Anirudda R. and {Tremonti}, Christy and {Tucker}, Douglas L. and {Uomoto}, Alan and {Vanden Berk}, Dan and {Vogeley}, Michael S. and {Waddell}, Patrick and {Wang}, Shu-i. and {Watanabe}, Masaru and {Weinberg}, David H. and {Yanny}, Brian and {Yasuda}, Naoki and {SDSS Collaboration}},
        title = "{The Sloan Digital Sky Survey: Technical Summary}",
      journal = {\aj},
     keywords = {Cosmology: Observations, Instrumentation: Miscellaneous, Astrophysics},
         year = 2000,
        month = sep,
       volume = {120},
       number = {3},
        pages = {1579-1587},
          doi = {10.1086/301513},
archivePrefix = {arXiv},
       eprint = {astro-ph/0006396},
 primaryClass = {astro-ph},
       adsurl = {https://ui.adsabs.harvard.edu/abs/2000AJ....120.1579Y},
      adsnote = {Provided by the SAO/NASA Astrophysics Data System}
}

@ARTICLE{Sullivan_2006,
       author = {{Sullivan}, M. and {Le Borgne}, D. and {Pritchet}, C.~J. and {Hodsman}, A. and {Neill}, J.~D. and {Howell}, D.~A. and {Carlberg}, R.~G. and {Astier}, P. and {Aubourg}, E. and {Balam}, D. and {Basa}, S. and {Conley}, A. and {Fabbro}, S. and {Fouchez}, D. and {Guy}, J. and {Hook}, I. and {Pain}, R. and {Palanque-Delabrouille}, N. and {Perrett}, K. and {Regnault}, N. and {Rich}, J. and {Taillet}, R. and {Baumont}, S. and {Bronder}, J. and {Ellis}, R.~S. and {Filiol}, M. and {Lusset}, V. and {Perlmutter}, S. and {Ripoche}, P. and {Tao}, C.},
        title = "{Rates and Properties of Type Ia Supernovae as a Function of Mass and Star Formation in Their Host Galaxies}",
      journal = {\apj},
     keywords = {Cosmology: Distance Scale, Galaxies: Evolution, Stars: Supernovae: General, Surveys, Astrophysics},
         year = 2006,
        month = sep,
       volume = {648},
       number = {2},
        pages = {868-883},
          doi = {10.1086/506137},
archivePrefix = {arXiv},
       eprint = {astro-ph/0605455},
 primaryClass = {astro-ph},
       adsurl = {https://ui.adsabs.harvard.edu/abs/2006ApJ...648..868S},
      adsnote = {Provided by the SAO/NASA Astrophysics Data System}
}

@ARTICLE{Smith_2012,
       author = {{Smith}, Mathew and {Nichol}, Robert C. and {Dilday}, Benjamin and {Marriner}, John and {Kessler}, Richard and {Bassett}, Bruce and {Cinabro}, David and {Frieman}, Joshua and {Garnavich}, Peter and {Jha}, Saurabh W. and {Lampeitl}, Hubert and {Sako}, Masao and {Schneider}, Donald P. and {Sollerman}, Jesper},
        title = "{The SDSS-II Supernova Survey: Parameterizing the Type Ia Supernova Rate as a Function of Host Galaxy Properties}",
      journal = {\apj},
     keywords = {cosmology: observations, distance scale, galaxies: evolution, supernovae: general, Astrophysics - Cosmology and Nongalactic Astrophysics},
         year = 2012,
        month = aug,
       volume = {755},
       number = {1},
          eid = {61},
        pages = {61},
          doi = {10.1088/0004-637X/755/1/61},
archivePrefix = {arXiv},
       eprint = {1108.4923},
 primaryClass = {astro-ph.CO},
       adsurl = {https://ui.adsabs.harvard.edu/abs/2012ApJ...755...61S},
      adsnote = {Provided by the SAO/NASA Astrophysics Data System}
}

@ARTICLE{Jha_2019,
       author = {{Jha}, Saurabh W. and {Maguire}, Kate and {Sullivan}, Mark},
        title = "{Observational properties of thermonuclear supernovae}",
      journal = {Nature Astronomy},
     keywords = {Astrophysics - High Energy Astrophysical Phenomena, Astrophysics - Solar and Stellar Astrophysics},
         year = 2019,
        month = aug,
       volume = {3},
        pages = {706-716},
          doi = {10.1038/s41550-019-0858-0},
archivePrefix = {arXiv},
       eprint = {1908.02303},
 primaryClass = {astro-ph.HE},
       adsurl = {https://ui.adsabs.harvard.edu/abs/2019NatAs...3..706J},
      adsnote = {Provided by the SAO/NASA Astrophysics Data System}
}

@ARTICLE{Ni_2022,
       author = {{Ni}, Yuan Qi and {Moon}, Dae-Sik and {Drout}, Maria R. and {Polin}, Abigail and {Sand}, David J. and {Gonz{\'a}lez-Gait{\'a}n}, Santiago and {Kim}, Sang Chul and {Lee}, Youngdae and {Park}, Hong Soo and {Howell}, D. Andrew and {Nugent}, Peter E. and {Piro}, Anthony L. and {Brown}, Peter J. and {Galbany}, Llu{\'\i}s and {Burke}, Jamison and {Hiramatsu}, Daichi and {Hosseinzadeh}, Griffin and {Valenti}, Stefano and {Afsariardchi}, Niloufar and {Andrews}, Jennifer E. and {Antoniadis}, John and {Arcavi}, Iair and {Beaton}, Rachael L. and {Bostroem}, K. Azalee and {Carlberg}, Raymond G. and {Cenko}, S. Bradley and {Cha}, Sang-Mok and {Dong}, Yize and {Gal-Yam}, Avishay and {Haislip}, Joshua and {Holoien}, Thomas W. -S. and {Johnson}, Sean D. and {Kouprianov}, Vladimir and {Lee}, Yongseok and {Matzner}, Christopher D. and {Morrell}, Nidia and {McCully}, Curtis and {Pignata}, Giuliano and {Reichart}, Daniel E. and {Rich}, Jeffrey and {Ryder}, Stuart D. and {Smith}, Nathan and {Wyatt}, Samuel and {Yang}, Sheng},
        title = "{Infant-phase reddening by surface Fe-peak elements in a normal type Ia supernova}",
      journal = {Nature Astronomy},
     keywords = {Astrophysics - High Energy Astrophysical Phenomena, Astrophysics - Solar and Stellar Astrophysics},
         year = 2022,
        month = feb,
       volume = {6},
        pages = {568-576},
          doi = {10.1038/s41550-022-01603-4},
archivePrefix = {arXiv},
       eprint = {2202.08889},
 primaryClass = {astro-ph.HE},
       adsurl = {https://ui.adsabs.harvard.edu/abs/2022NatAs...6..568N},
      adsnote = {Provided by the SAO/NASA Astrophysics Data System}
}

 @ARTICLE{Dong_16dsg_2022,
       author = {{Dong}, Yize and {Valenti}, Stefano and {Polin}, Abigail and {Boyle}, Aoife and {Fl{\"o}rs}, Andreas and {Vogl}, Christian and {Kerzendorf}, Wolfgang E. and {Sand}, David J. and {Jha}, Saurabh W. and {Wyrzykowski}, {\L}ukasz and {Bostroem}, K. Azalee and {Pearson}, Jeniveve and {McCully}, Curtis and {Andrews}, Jennifer E. and {Benetti}, Stefano and {Blondin}, St{\'e}phane and {Galbany}, L. and {Gromadzki}, Mariusz and {Hosseinzadeh}, Griffin and {Howell}, D. Andrew and {Inserra}, Cosimo and {Jencson}, Jacob E. and {Lundquist}, Michael and {Lyman}, J.~D. and {Magee}, Mark and {Maguire}, Kate and {Meza}, Nicolas and {Srivastav}, Shubham and {Taubenberger}, Stefan and {Terwel}, J.~H. and {Wyatt}, Samuel and {Young}, D.~R.},
        title = "{SN 2016dsg: A Thermonuclear Explosion Involving a Thick Helium Shell}",
      journal = {\apj},
     keywords = {Supernovae, Type Ia supernovae, 1668, 1728, Astrophysics - Solar and Stellar Astrophysics, Astrophysics - High Energy Astrophysical Phenomena},
         year = 2022,
        month = aug,
       volume = {934},
       number = {2},
          eid = {102},
        pages = {102},
          doi = {10.3847/1538-4357/ac75eb},
archivePrefix = {arXiv},
       eprint = {2206.07065},
 primaryClass = {astro-ph.SR},
       adsurl = {https://ui.adsabs.harvard.edu/abs/2022ApJ...934..102D},
      adsnote = {Provided by the SAO/NASA Astrophysics Data System}
}



@ARTICLE{Inserra_OGLE13_079_2015,
       author = {{Inserra}, C. and {Sim}, S.~A. and {Wyrzykowski}, L. and {Smartt}, S.~J. and {Fraser}, M. and {Nicholl}, M. and {Shen}, K.~J. and {Jerkstrand}, A. and {Gal-Yam}, A. and {Howell}, D.~A. and {Maguire}, K. and {Mazzali}, P. and {Valenti}, S. and {Taubenberger}, S. and {Benitez-Herrera}, S. and {Bersier}, D. and {Blagorodnova}, N. and {Campbell}, H. and {Chen}, T. -W. and {Elias-Rosa}, N. and {Hillebrandt}, W. and {Kostrzewa-Rutkowska}, Z. and {Koz{\l}owski}, S. and {Kromer}, M. and {Lyman}, J.~D. and {Polshaw}, J. and {R{\"o}pke}, F.~K. and {Ruiter}, A.~J. and {Smith}, K. and {Spiro}, S. and {Sullivan}, M. and {Yaron}, O. and {Young}, D. and {Yuan}, F.},
        title = "{OGLE-2013-SN-079: A Lonely Supernova Consistent with a Helium Shell Detonation}",
      journal = {\apjl},
     keywords = {supernovae: general, supernovae: individual: OGLE-2013-SN-079, surveys, white dwarfs, Astrophysics - Solar and Stellar Astrophysics},
         year = 2015,
        month = jan,
       volume = {799},
       number = {1},
          eid = {L2},
        pages = {L2},
          doi = {10.1088/2041-8205/799/1/L2},
archivePrefix = {arXiv},
       eprint = {1410.6473},
 primaryClass = {astro-ph.SR},
       adsurl = {https://ui.adsabs.harvard.edu/abs/2015ApJ...799L...2I},
      adsnote = {Provided by the SAO/NASA Astrophysics Data System}
}

@ARTICLE{Dessart_2015,
       author = {{Dessart}, Luc and {Hillier}, D. John},
        title = "{One-dimensional non-LTE time-dependent radiative transfer of an He-detonation model and the connection to faint and fast-decaying supernovae}",
      journal = {\mnras},
     keywords = {radiative transfer, supernovae: general, supernovae: individual: SN 2005E, supernovae: individual: PTF09dav, supernovae: individual: PTF10iuv, supernovae: individual: OGLE-2013-SN-079, Astrophysics - Solar and Stellar Astrophysics, Astrophysics - High Energy Astrophysical Phenomena},
         year = 2015,
        month = feb,
       volume = {447},
       number = {2},
        pages = {1370-1382},
          doi = {10.1093/mnras/stu2520},
archivePrefix = {arXiv},
       eprint = {1411.7397},
 primaryClass = {astro-ph.SR},
       adsurl = {https://ui.adsabs.harvard.edu/abs/2015MNRAS.447.1370D},
      adsnote = {Provided by the SAO/NASA Astrophysics Data System}
}

@ARTICLE{Sim_2012,
       author = {{Sim}, S.~A. and {Fink}, M. and {Kromer}, M. and {R{\"o}pke}, F.~K. and {Ruiter}, A.~J. and {Hillebrandt}, W.},
        title = "{2D simulations of the double-detonation model for thermonuclear transients from low-mass carbon-oxygen white dwarfs}",
      journal = {\mnras},
     keywords = {hydrodynamics, radiative transfer, methods: numerical, binaries: close, supernovae: general, white dwarfs, Astrophysics - High Energy Astrophysical Phenomena},
         year = 2012,
        month = mar,
       volume = {420},
       number = {4},
        pages = {3003-3016},
          doi = {10.1111/j.1365-2966.2011.20162.x},
archivePrefix = {arXiv},
       eprint = {1111.2117},
 primaryClass = {astro-ph.HE},
       adsurl = {https://ui.adsabs.harvard.edu/abs/2012MNRAS.420.3003S},
      adsnote = {Provided by the SAO/NASA Astrophysics Data System}
}

@ARTICLE{Gronow_2020,
       author = {{Gronow}, Sabrina and {Collins}, Christine and {Ohlmann}, Sebastian T. and {Pakmor}, R{\"u}diger and {Kromer}, Markus and {Seitenzahl}, Ivo R. and {Sim}, Stuart A. and {R{\"o}pke}, Friedrich K.},
        title = "{SNe Ia from double detonations: Impact of core-shell mixing on the carbon ignition mechanism}",
      journal = {\aap},
     keywords = {hydrodynamics, methods: numerical, nuclear reactions, nucleosynthesis, abundances, radiative transfer, supernovae: general, white dwarfs, Astrophysics - Solar and Stellar Astrophysics},
         year = 2020,
        month = mar,
       volume = {635},
          eid = {A169},
        pages = {A169},
          doi = {10.1051/0004-6361/201936494},
archivePrefix = {arXiv},
       eprint = {2002.00981},
 primaryClass = {astro-ph.SR},
       adsurl = {https://ui.adsabs.harvard.edu/abs/2020A&A...635A.169G},
      adsnote = {Provided by the SAO/NASA Astrophysics Data System}
}

@ARTICLE{Shen_2D_2021,
       author = {{Shen}, Ken J. and {Boos}, Samuel J. and {Townsley}, Dean M. and {Kasen}, Daniel},
        title = "{Multidimensional Radiative Transfer Calculations of Double Detonations of Sub-Chandrasekhar-mass White Dwarfs}",
      journal = {\apj},
     keywords = {1799, 1967, 1728, Astrophysics - Solar and Stellar Astrophysics, Astrophysics - High Energy Astrophysical Phenomena},
         year = 2021,
        month = nov,
       volume = {922},
       number = {1},
          eid = {68},
        pages = {68},
          doi = {10.3847/1538-4357/ac2304},
archivePrefix = {arXiv},
       eprint = {2108.12435},
 primaryClass = {astro-ph.SR},
       adsurl = {https://ui.adsabs.harvard.edu/abs/2021ApJ...922...68S},
      adsnote = {Provided by the SAO/NASA Astrophysics Data System}
}

@ARTICLE{Shen_NLTE_2021,
       author = {{Shen}, Ken J. and {Blondin}, St{\'e}phane and {Kasen}, Daniel and {Dessart}, Luc and {Townsley}, Dean M. and {Boos}, Samuel and {Hillier}, D. John},
        title = "{Non-local Thermodynamic Equilibrium Radiative Transfer Simulations of Sub-Chandrasekhar-mass White Dwarf Detonations}",
      journal = {\apjl},
     keywords = {Type Ia supernovae, Supernovae, White dwarf stars, Radiative transfer, 1728, 1668, 1799, 1335, Astrophysics - High Energy Astrophysical Phenomena, Astrophysics - Solar and Stellar Astrophysics},
         year = 2021,
        month = mar,
       volume = {909},
       number = {2},
          eid = {L18},
        pages = {L18},
          doi = {10.3847/2041-8213/abe69b},
archivePrefix = {arXiv},
       eprint = {2102.08238},
 primaryClass = {astro-ph.HE},
       adsurl = {https://ui.adsabs.harvard.edu/abs/2021ApJ...909L..18S},
      adsnote = {Provided by the SAO/NASA Astrophysics Data System}
}

@ARTICLE{Foley_2015,
       author = {{Foley}, Ryan J.},
        title = "{Kinematics and host-galaxy properties suggest a nuclear origin for calcium-rich supernova progenitors}",
      journal = {\mnras},
     keywords = {supernovae: general, supernovae: individual: SN 2000ds, SN 2001co, SN 2003H, SN 2003dg, SN 2003dr, SN 2005E, SN 2005cz, SN 2007ke, SN 2010et, SN 2012hn, PTF09dav, PTF11bij, PTF11kmb, galaxies: individual: 2MASS J22465295+2138221, CGCG 170-011, IC 3956, NGC 1032, NGC 1129, NGC 2207, NGC 2272, NGC 2768, NGC 4589, NGC 5559, NGC 5714, NGC 7265, UGC 6934, Astrophysics - High Energy Astrophysical Phenomena, Astrophysics - Cosmology and Nongalactic Astrophysics, Astrophysics - Astrophysics of Galaxies, Astrophysics - Solar and Stellar Astrophysics},
         year = 2015,
        month = sep,
       volume = {452},
       number = {3},
        pages = {2463-2478},
          doi = {10.1093/mnras/stv789},
archivePrefix = {arXiv},
       eprint = {1501.07607},
 primaryClass = {astro-ph.HE},
       adsurl = {https://ui.adsabs.harvard.edu/abs/2015MNRAS.452.2463F},
      adsnote = {Provided by the SAO/NASA Astrophysics Data System}
}

@ARTICLE{Shen_2019,
       author = {{Shen}, Ken J. and {Quataert}, Eliot and {Pakmor}, R{\"u}diger},
        title = "{The Progenitors of Calcium-strong Transients}",
      journal = {\apj},
     keywords = {Binary stars, White dwarf stars, Supernovae, 154, 1799, 1668, Astrophysics - High Energy Astrophysical Phenomena, Astrophysics - Astrophysics of Galaxies, Astrophysics - Solar and Stellar Astrophysics},
         year = 2019,
        month = dec,
       volume = {887},
       number = {2},
          eid = {180},
        pages = {180},
          doi = {10.3847/1538-4357/ab5370},
archivePrefix = {arXiv},
       eprint = {1908.08056},
 primaryClass = {astro-ph.HE},
       adsurl = {https://ui.adsabs.harvard.edu/abs/2019ApJ...887..180S},
      adsnote = {Provided by the SAO/NASA Astrophysics Data System}
}

@ARTICLE{Lunnan_2017,
       author = {{Lunnan}, R. and {Kasliwal}, M.~M. and {Cao}, Y. and {Hangard}, L. and {Yaron}, O. and {Parrent}, J.~T. and {McCully}, C. and {Gal-Yam}, A. and {Mulchaey}, J.~S. and {Ben-Ami}, S. and {Filippenko}, A.~V. and {Fremling}, C. and {Fruchter}, A.~S. and {Howell}, D.~A. and {Koda}, J. and {Kupfer}, T. and {Kulkarni}, S.~R. and {Laher}, R. and {Masci}, F. and {Nugent}, P.~E. and {Ofek}, E.~O. and {Yagi}, M. and {Yan}, Lin},
        title = "{Two New Calcium-rich Gap Transients in Group and Cluster Environments}",
      journal = {\apj},
     keywords = {supernovae: general, supernovae: individual: PTF11kmb, PTF12bho, PTF10hcw, SN 2005E, Astrophysics - High Energy Astrophysical Phenomena},
         year = 2017,
        month = feb,
       volume = {836},
       number = {1},
          eid = {60},
        pages = {60},
          doi = {10.3847/1538-4357/836/1/60},
archivePrefix = {arXiv},
       eprint = {1612.00454},
 primaryClass = {astro-ph.HE},
       adsurl = {https://ui.adsabs.harvard.edu/abs/2017ApJ...836...60L},
      adsnote = {Provided by the SAO/NASA Astrophysics Data System}
}

@ARTICLE{Geier_2013,
       author = {{Geier}, S. and {Marsh}, T.~R. and {Wang}, B. and {Dunlap}, B. and {Barlow}, B.~N. and {Schaffenroth}, V. and {Chen}, X. and {Irrgang}, A. and {Maxted}, P.~F.~L. and {Ziegerer}, E. and {Kupfer}, T. and {Miszalski}, B. and {Heber}, U. and {Han}, Z. and {Shporer}, A. and {Telting}, J.~H. and {G{\"a}nsicke}, B.~T. and {{\O}stensen}, R.~H. and {O'Toole}, S.~J. and {Napiwotzki}, R.},
        title = "{A progenitor binary and an ejected mass donor remnant of faint type Ia supernovae}",
      journal = {\aap},
     keywords = {binaries: spectroscopic, subdwarfs, supernovae: general, Astrophysics - Solar and Stellar Astrophysics},
         year = 2013,
        month = jun,
       volume = {554},
          eid = {A54},
        pages = {A54},
          doi = {10.1051/0004-6361/201321395},
archivePrefix = {arXiv},
       eprint = {1304.4452},
 primaryClass = {astro-ph.SR},
       adsurl = {https://ui.adsabs.harvard.edu/abs/2013A&A...554A..54G},
      adsnote = {Provided by the SAO/NASA Astrophysics Data System}
}

@ARTICLE{Kupfer_2022,
       author = {{Kupfer}, Thomas and {Bauer}, Evan B. and {van Roestel}, Jan and {Bellm}, Eric C. and {Bildsten}, Lars and {Fuller}, Jim and {Prince}, Thomas A. and {Heber}, Ulrich and {Geier}, Stephan and {Green}, Matthew J. and {Kulkarni}, Shrinivas R. and {Bloemen}, Steven and {Laher}, Russ R. and {Rusholme}, Ben and {Schneider}, David},
        title = "{Discovery of a Double-detonation Thermonuclear Supernova Progenitor}",
      journal = {\apjl},
     keywords = {129, 254, 1799, 444, Astrophysics - Solar and Stellar Astrophysics},
         year = 2022,
        month = feb,
       volume = {925},
       number = {2},
          eid = {L12},
        pages = {L12},
          doi = {10.3847/2041-8213/ac48f1},
archivePrefix = {arXiv},
       eprint = {2110.11974},
 primaryClass = {astro-ph.SR},
       adsurl = {https://ui.adsabs.harvard.edu/abs/2022ApJ...925L..12K},
      adsnote = {Provided by the SAO/NASA Astrophysics Data System}
}

@ARTICLE{Sim_2010,
       author = {{Sim}, S.~A. and {R{\"o}pke}, F.~K. and {Hillebrandt}, W. and {Kromer}, M. and {Pakmor}, R. and {Fink}, M. and {Ruiter}, A.~J. and {Seitenzahl}, I.~R.},
        title = "{Detonations in Sub-Chandrasekhar-mass C+O White Dwarfs}",
      journal = {\apjl},
     keywords = {radiative transfer, supernovae: general, white dwarfs, Astrophysics - High Energy Astrophysical Phenomena},
         year = 2010,
        month = may,
       volume = {714},
       number = {1},
        pages = {L52-L57},
          doi = {10.1088/2041-8205/714/1/L52},
archivePrefix = {arXiv},
       eprint = {1003.2917},
 primaryClass = {astro-ph.HE},
       adsurl = {https://ui.adsabs.harvard.edu/abs/2010ApJ...714L..52S},
      adsnote = {Provided by the SAO/NASA Astrophysics Data System}
}

@ARTICLE{Maoz_2014,
       author = {{Maoz}, Dan and {Mannucci}, Filippo and {Nelemans}, Gijs},
        title = "{Observational Clues to the Progenitors of Type Ia Supernovae}",
      journal = {\araa},
     keywords = {Astrophysics - Cosmology and Nongalactic Astrophysics, Astrophysics - High Energy Astrophysical Phenomena},
         year = 2014,
        month = aug,
       volume = {52},
        pages = {107-170},
          doi = {10.1146/annurev-astro-082812-141031},
archivePrefix = {arXiv},
       eprint = {1312.0628},
 primaryClass = {astro-ph.CO},
       adsurl = {https://ui.adsabs.harvard.edu/abs/2014ARA&A..52..107M},
      adsnote = {Provided by the SAO/NASA Astrophysics Data System}
}

@ARTICLE{Filippenko_91bg_1992,
       author = {{Filippenko}, Alexei V. and {Richmond}, Michael W. and {Branch}, David and {Gaskell}, Martin and {Herbst}, William and {Ford}, Charles H. and {Treffers}, Richard R. and {Matheson}, Thomas and {Ho}, Luis C. and {Dey}, Arjun and {Sargent}, Wallace L.~W. and {Small}, Todd A. and {van Breugel}, Wil J.~M.},
        title = "{The Subluminous, Spectroscopically Peculiar Type 1a Supernova 1991bg in the Elliptical Galaxy NGC 4374}",
      journal = {\aj},
     keywords = {Elliptical Galaxies, Peculiar Stars, Stellar Spectrophotometry, Supernovae, Light Curve, Stellar Luminosity, Virgo Galactic Cluster, Astrophysics, SUPERNOVAE: INDIVIDUAL: 1991 BG, GALAXIES: INDIVIDUAL: NGC 4374},
         year = 1992,
        month = oct,
       volume = {104},
        pages = {1543},
          doi = {10.1086/116339},
       adsurl = {https://ui.adsabs.harvard.edu/abs/1992AJ....104.1543F},
      adsnote = {Provided by the SAO/NASA Astrophysics Data System}
}

@ARTICLE{Nomoto_1982a,
       author = {{Nomoto}, K.},
        title = "{Accreting white dwarf models for type I supernovae. I - Presupernova evolution and triggering mechanisms}",
      journal = {\apj},
     keywords = {Binary Stars, Stellar Evolution, Stellar Mass Accretion, Stellar Models, Supernovae, White Dwarf Stars, Carbon, Helium, Oxygen, Astrophysics},
         year = 1982,
        month = feb,
       volume = {253},
        pages = {798-810},
          doi = {10.1086/159682},
       adsurl = {https://ui.adsabs.harvard.edu/abs/1982ApJ...253..798N},
      adsnote = {Provided by the SAO/NASA Astrophysics Data System}
}

@ARTICLE{Nomoto_1982b,
       author = {{Nomoto}, K.},
        title = "{Accreting white dwarf models for type I supernovae. II. Off-center detonation supernovae.}",
      journal = {\apj},
     keywords = {Detonation Waves, Shock Wave Propagation, Stellar Mass Accretion, Stellar Models, Supernovae, White Dwarf Stars, Density Distribution, Hydrodynamics, Light Curve, Nuclear Fusion, Supernova Remnants, Temperature Profiles, Astrophysics},
         year = 1982,
        month = jun,
       volume = {257},
        pages = {780-792},
          doi = {10.1086/160031},
       adsurl = {https://ui.adsabs.harvard.edu/abs/1982ApJ...257..780N},
      adsnote = {Provided by the SAO/NASA Astrophysics Data System}
}

@ARTICLE{Woosley_1986,
       author = {{Woosley}, S.~E. and {Taam}, R.~E. and {Weaver}, T.~A.},
        title = "{Models for Type I Supernova. I. Detonations in White Dwarfs}",
      journal = {\apj},
     keywords = {Binary Stars, Nuclear Fusion, Stellar Evolution, Stellar Physics, Supernovae, White Dwarf Stars, Density Distribution, Detonation, Hydrodynamics, Light Curve, Stellar Envelopes, Stellar Gravitation, Stellar Luminosity, Stellar Mass Accretion, Stellar Models, Stellar Oscillations, Astrophysics, GAMMA RAYS: GENERAL, NUCLEOSYNTHESIS, STARS: BINARIES, STARS: INTERIORS, STARS: SUPERNOVAE, STARS: WHITE DWARFS},
         year = 1986,
        month = feb,
       volume = {301},
        pages = {601},
          doi = {10.1086/163926},
       adsurl = {https://ui.adsabs.harvard.edu/abs/1986ApJ...301..601W},
      adsnote = {Provided by the SAO/NASA Astrophysics Data System}
}

@ARTICLE{Woosley_1994,
       author = {{Woosley}, S.~E. and {Weaver}, Thomas A.},
        title = "{Sub--Chandrasekhar Mass Models for Type IA Supernovae}",
      journal = {\apj},
     keywords = {Astronomical Models, Chandrasekhar Equation, Nuclear Fusion, Stellar Evolution, Stellar Mass, Supernovae, Abundance, Detonation Waves, Energy Transfer, Stellar Interiors, Stellar Luminosity, Astrophysics, NUCLEAR REACTIONS, NUCLEOSYNTHESIS, ABUNDANCES, STARS: EVOLUTION, STARS: INTERIORS, STARS: SUPERNOVAE: GENERAL},
         year = 1994,
        month = mar,
       volume = {423},
        pages = {371},
          doi = {10.1086/173813},
       adsurl = {https://ui.adsabs.harvard.edu/abs/1994ApJ...423..371W},
      adsnote = {Provided by the SAO/NASA Astrophysics Data System}
}

@ARTICLE{Livne_1990,
       author = {{Livne}, Eli},
        title = "{Successive Detonations in Accreting White Dwarfs as an Alternative Mechanism for Type I Supernovae}",
      journal = {\apjl},
     keywords = {Nuclear Fusion, Stellar Mass Accretion, Supernovae, White Dwarf Stars, Astronomical Models, Shock Waves, Stellar Cores, Stellar Mass, Astrophysics, HYDRODYNAMICS, NUCLEOSYNTHESIS, STARS: SUPERNOVAE, STARS: WHITE DWARFS},
         year = 1990,
        month = may,
       volume = {354},
        pages = {L53},
          doi = {10.1086/185721},
       adsurl = {https://ui.adsabs.harvard.edu/abs/1990ApJ...354L..53L},
      adsnote = {Provided by the SAO/NASA Astrophysics Data System}
}

@ARTICLE{Livne_1995,
       author = {{Livne}, Eli and {Arnett}, David},
        title = "{Explosions of Sub--Chandrasekhar Mass White Dwarfs in Two Dimensions}",
      journal = {\apj},
     keywords = {COSMOLOGY: DISTANCE SCALE, HYDRODYNAMICS, NUCLEAR REACTIONS, NUCLEOSYNTHESIS, ABUNDANCES, STARS: ABUNDANCES, STARS: SUPERNOVAE: GENERAL, STARS: WHITE DWARFS},
         year = 1995,
        month = oct,
       volume = {452},
        pages = {62},
          doi = {10.1086/176279},
       adsurl = {https://ui.adsabs.harvard.edu/abs/1995ApJ...452...62L},
      adsnote = {Provided by the SAO/NASA Astrophysics Data System}
}

@ARTICLE{Bildsten_2007,
       author = {{Bildsten}, Lars and {Shen}, Ken J. and {Weinberg}, Nevin N. and {Nelemans}, Gijs},
        title = "{Faint Thermonuclear Supernovae from AM Canum Venaticorum Binaries}",
      journal = {\apjl},
     keywords = {Stars: Binaries: Close, Stars: Novae, Cataclysmic Variables, Stars: Supernovae: General, Stars: White Dwarfs, Astrophysics},
         year = 2007,
        month = jun,
       volume = {662},
       number = {2},
        pages = {L95-L98},
          doi = {10.1086/519489},
archivePrefix = {arXiv},
       eprint = {astro-ph/0703578},
 primaryClass = {astro-ph},
       adsurl = {https://ui.adsabs.harvard.edu/abs/2007ApJ...662L..95B},
      adsnote = {Provided by the SAO/NASA Astrophysics Data System}
}

@ARTICLE{Nugent_1997,
       author = {{Nugent}, Peter and {Baron}, E. and {Branch}, David and {Fisher}, Adam and {Hauschildt}, Peter H.},
        title = "{Synthetic Spectra of Hydrodynamic Models of Type Ia Supernovae}",
      journal = {\apj},
     keywords = {Hydrodynamics, Stars: Interiors, Stars: Supernovae: General, Astrophysics},
         year = 1997,
        month = aug,
       volume = {485},
       number = {2},
        pages = {812-819},
          doi = {10.1086/304459},
archivePrefix = {arXiv},
       eprint = {astro-ph/9612044},
 primaryClass = {astro-ph},
       adsurl = {https://ui.adsabs.harvard.edu/abs/1997ApJ...485..812N},
      adsnote = {Provided by the SAO/NASA Astrophysics Data System}
}

@ARTICLE{Deckers_2022,
       author = {{Deckers}, M. and {Maguire}, K. and {Magee}, M.~R. and {Dimitriadis}, G. and {Smith}, M. and {Sainz de Murieta}, A. and {Miller}, A.~A. and {Goobar}, A. and {Nordin}, J. and {Rigault}, M. and {Bellm}, E.~C. and {Coughlin}, M. and {Laher}, R.~R. and {Shupe}, D.~L. and {Graham}, M. and {Kasliwal}, M. and {Walters}, R.},
        title = "{Constraining Type Ia supernova explosions and early flux excesses with the Zwicky Transient Factory}",
      journal = {\mnras},
     keywords = {surveys, supernovae: general, Astrophysics - High Energy Astrophysical Phenomena},
         year = 2022,
        month = may,
       volume = {512},
       number = {1},
        pages = {1317-1340},
          doi = {10.1093/mnras/stac558},
archivePrefix = {arXiv},
       eprint = {2202.12914},
 primaryClass = {astro-ph.HE},
       adsurl = {https://ui.adsabs.harvard.edu/abs/2022MNRAS.512.1317D},
      adsnote = {Provided by the SAO/NASA Astrophysics Data System}
}

@ARTICLE{Silverman_2012,
       author = {{Silverman}, Jeffrey M. and {Foley}, Ryan J. and {Filippenko}, Alexei V. and {Ganeshalingam}, Mohan and {Barth}, Aaron J. and {Chornock}, Ryan and {Griffith}, Christopher V. and {Kong}, Jason J. and {Lee}, Nicholas and {Leonard}, Douglas C. and {Matheson}, Thomas and {Miller}, Emily G. and {Steele}, Thea N. and {Barris}, Brian J. and {Bloom}, Joshua S. and {Cobb}, Bethany E. and {Coil}, Alison L. and {Desroches}, Louis-Benoit and {Gates}, Elinor L. and {Ho}, Luis C. and {Jha}, Saurabh W. and {Kandrashoff}, Michael T. and {Li}, Weidong and {Mandel}, Kaisey S. and {Modjaz}, Maryam and {Moore}, Matthew R. and {Mostardi}, Robin E. and {Papenkova}, Marina S. and {Park}, Sung and {Perley}, Daniel A. and {Poznanski}, Dovi and {Reuter}, Cassie A. and {Scala}, James and {Serduke}, Franklin J.~D. and {Shields}, Joseph C. and {Swift}, Brandon J. and {Tonry}, John L. and {Van Dyk}, Schuyler D. and {Wang}, Xiaofeng and {Wong}, Diane S.},
        title = "{Berkeley Supernova Ia Program - I. Observations, data reduction and spectroscopic sample of 582 low-redshift Type Ia supernovae}",
      journal = {\mnras},
     keywords = {surveys, supernovae: general, cosmology: observations, distance scale, Astrophysics - Cosmology and Nongalactic Astrophysics},
         year = 2012,
        month = sep,
       volume = {425},
       number = {3},
        pages = {1789-1818},
          doi = {10.1111/j.1365-2966.2012.21270.x},
archivePrefix = {arXiv},
       eprint = {1202.2128},
 primaryClass = {astro-ph.CO},
       adsurl = {https://ui.adsabs.harvard.edu/abs/2012MNRAS.425.1789S},
      adsnote = {Provided by the SAO/NASA Astrophysics Data System}
}

@ARTICLE{Childress_2013,
       author = {{Childress}, M.~J. and {Scalzo}, R.~A. and {Sim}, S.~A. and {Tucker}, B.~E. and {Yuan}, F. and {Schmidt}, B.~P. and {Cenko}, S.~B. and {Silverman}, J.~M. and {Contreras}, C. and {Hsiao}, E.~Y. and {Phillips}, M. and {Morrell}, N. and {Jha}, S.~W. and {McCully}, C. and {Filippenko}, A.~V. and {Anderson}, J.~P. and {Benetti}, S. and {Bufano}, F. and {de Jaeger}, T. and {Forster}, F. and {Gal-Yam}, A. and {Le Guillou}, L. and {Maguire}, K. and {Maund}, J. and {Mazzali}, P.~A. and {Pignata}, G. and {Smartt}, S. and {Spyromilio}, J. and {Sullivan}, M. and {Taddia}, F. and {Valenti}, S. and {Bayliss}, D.~D.~R. and {Bessell}, M. and {Blanc}, G.~A. and {Carson}, D.~J. and {Clubb}, K.~I. and {de Burgh-Day}, C. and {Desjardins}, T.~D. and {Fang}, J.~J. and {Fox}, O.~D. and {Gates}, E.~L. and {Ho}, I. -T. and {Keller}, S. and {Kelly}, P.~L. and {Lidman}, C. and {Loaring}, N.~S. and {Mould}, J.~R. and {Owers}, M. and {Ozbilgen}, S. and {Pei}, L. and {Pickering}, T. and {Pracy}, M.~B. and {Rich}, J.~A. and {Schaefer}, B.~E. and {Scott}, N. and {Stritzinger}, M. and {Vogt}, F.~P.~A. and {Zhou}, G.},
        title = "{Spectroscopic Observations of SN 2012fr: A Luminous, Normal Type Ia Supernova with Early High-velocity Features and a Late Velocity Plateau}",
      journal = {\apj},
     keywords = {galaxies: individual: NGC 1365, supernovae: general, supernovae: individual: SN 2012fr, Astrophysics - Cosmology and Nongalactic Astrophysics, Astrophysics - Solar and Stellar Astrophysics},
         year = 2013,
        month = jun,
       volume = {770},
       number = {1},
          eid = {29},
        pages = {29},
          doi = {10.1088/0004-637X/770/1/29},
archivePrefix = {arXiv},
       eprint = {1302.2926},
 primaryClass = {astro-ph.CO},
       adsurl = {https://ui.adsabs.harvard.edu/abs/2013ApJ...770...29C},
      adsnote = {Provided by the SAO/NASA Astrophysics Data System}
}

@ARTICLE{Childress_2014,
       author = {{Childress}, Michael J. and {Filippenko}, Alexei V. and {Ganeshalingam}, Mohan and {Schmidt}, Brian P.},
        title = "{High-velocity features in Type Ia supernova spectra}",
      journal = {\mnras},
     keywords = {supernovae: general, Astrophysics - Cosmology and Nongalactic Astrophysics, Astrophysics - Solar and Stellar Astrophysics},
         year = 2014,
        month = jan,
       volume = {437},
       number = {1},
        pages = {338-350},
          doi = {10.1093/mnras/stt1892},
archivePrefix = {arXiv},
       eprint = {1307.0563},
 primaryClass = {astro-ph.CO},
       adsurl = {https://ui.adsabs.harvard.edu/abs/2014MNRAS.437..338C},
      adsnote = {Provided by the SAO/NASA Astrophysics Data System}
}

@ARTICLE{Mazzali_2005,
       author = {{Mazzali}, P.~A. and {Benetti}, S. and {Altavilla}, G. and {Blanc}, G. and {Cappellaro}, E. and {Elias-Rosa}, N. and {Garavini}, G. and {Goobar}, A. and {Harutyunyan}, A. and {Kotak}, R. and {Leibundgut}, B. and {Lundqvist}, P. and {Mattila}, S. and {Mendez}, J. and {Nobili}, S. and {Pain}, R. and {Pastorello}, A. and {Patat}, F. and {Pignata}, G. and {Podsiadlowski}, Ph. and {Ruiz-Lapuente}, P. and {Salvo}, M. and {Schmidt}, B.~P. and {Sollerman}, J. and {Stanishev}, V. and {Stehle}, M. and {Tout}, C. and {Turatto}, M. and {Hillebrandt}, W.},
        title = "{High-Velocity Features: A Ubiquitous Property of Type Ia Supernovae}",
      journal = {\apjl},
     keywords = {Stars: Supernovae: General, Astrophysics},
         year = 2005,
        month = apr,
       volume = {623},
       number = {1},
        pages = {L37-L40},
          doi = {10.1086/429874},
archivePrefix = {arXiv},
       eprint = {astro-ph/0502531},
 primaryClass = {astro-ph},
       adsurl = {https://ui.adsabs.harvard.edu/abs/2005ApJ...623L..37M},
      adsnote = {Provided by the SAO/NASA Astrophysics Data System}
}

@ARTICLE{Eitner_2022,
       author = {{Eitner}, P. and {Bergemann}, M. and {Ruiter}, A.~J. and {Seitenzahl}, I.~R. and {Gent}, M.~R. and {C{\^o}t{\'e}}, B.},
        title = "{Observational constraints on the origin of the elements. V. Constraints on the chemical enrichment by sub-Chandrasekhar mass SNe in the Milky Way}",
      journal = {arXiv e-prints},
     keywords = {Astrophysics - Astrophysics of Galaxies, Astrophysics - High Energy Astrophysical Phenomena, Astrophysics - Solar and Stellar Astrophysics},
         year = 2022,
        month = jun,
          eid = {arXiv:2206.10258},
        pages = {arXiv:2206.10258},
archivePrefix = {arXiv},
       eprint = {2206.10258},
 primaryClass = {astro-ph.GA},
       adsurl = {https://ui.adsabs.harvard.edu/abs/2022arXiv220610258E},
      adsnote = {Provided by the SAO/NASA Astrophysics Data System}
}

@ARTICLE{Sanders_2021,
       author = {{Sanders}, Jason L. and {Belokurov}, Vasily and {Man}, Kai T.~F.},
        title = "{Evidence for sub-Chandrasekhar Type Ia supernovae from the last major merger}",
      journal = {\mnras},
     keywords = {nuclear reactions, nucleosynthesis, abundances, supernovae: general, Galaxy: abundances, Galaxy: evolution, Astrophysics - Astrophysics of Galaxies, Astrophysics - Solar and Stellar Astrophysics},
         year = 2021,
        month = sep,
       volume = {506},
       number = {3},
        pages = {4321-4343},
          doi = {10.1093/mnras/stab1951},
archivePrefix = {arXiv},
       eprint = {2106.11324},
 primaryClass = {astro-ph.GA},
       adsurl = {https://ui.adsabs.harvard.edu/abs/2021MNRAS.506.4321S},
      adsnote = {Provided by the SAO/NASA Astrophysics Data System}
}

@ARTICLE{Childress_2014b,
       author = {{Childress}, Michael J. and {Wolf}, Christian and {Zahid}, H. Jabran},
        title = "{Ages of Type Ia supernovae over cosmic time}",
      journal = {\mnras},
     keywords = {supernovae: general, galaxies: evolution, dark energy, Astrophysics - Cosmology and Nongalactic Astrophysics, Astrophysics - Astrophysics of Galaxies},
         year = 2014,
        month = dec,
       volume = {445},
       number = {2},
        pages = {1898-1911},
          doi = {10.1093/mnras/stu1892},
archivePrefix = {arXiv},
       eprint = {1409.2951},
 primaryClass = {astro-ph.CO},
       adsurl = {https://ui.adsabs.harvard.edu/abs/2014MNRAS.445.1898C},
      adsnote = {Provided by the SAO/NASA Astrophysics Data System}
}

@ARTICLE{Ni_2022b,
       author = {{Ni}, Yuan Qi and {Moon}, Dae-Sik and {Drout}, Maria R. and {Polin}, Abigail and {Sand}, David J. and {Gonz{\'A}lez-Gait{\'A}n}, Santiago and {Kim}, Sang Chul and {Lee}, Youngdae and {Park}, Hong Soo and {Howell}, D. Andrew and {Nugent}, Peter E. and {Piro}, Anthony L. and {Brown}, Peter J. and {Galbany}, Llu{\'I}s and {Burke}, Jamison and {Hiramatsu}, Daichi and {Hosseinzadeh}, Griffin and {Valenti}, Stefano and {Afsariardchi}, Niloufar and {Andrews}, Jennifer E. and {Antoniadis}, John and {Beaton}, Rachael L. and {Bostroem}, K. Azalee and {Carlberg}, Raymond G. and {Cenko}, S. Bradley and {Cha}, Sang-Mok and {Dong}, Yize and {Gal-Yam}, Avishay and {Haislip}, Joshua and {Holoien}, Thomas W. -S. and {Johnson}, Sean D. and {Kouprianov}, Vladimir and {Lee}, Yongseok and {Matzner}, Christopher D. and {Morrell}, Nidia and {Mccully}, Curtis and {Pignata}, Giuliano and {Reichart}, Daniel E. and {Rich}, Jeffrey and {Ryder}, Stuart D. and {Smith}, Nathan and {Wyatt}, Samuel and {Yang}, Sheng},
        title = "{The origin and evolution of the normal Type Ia SN 2018aoz with infant-phase reddening and excess emission}",
      journal = {arXiv e-prints},
     keywords = {Astrophysics - Solar and Stellar Astrophysics, Astrophysics - High Energy Astrophysical Phenomena, High Energy Physics - Phenomenology},
         year = 2022,
        month = jun,
          eid = {arXiv:2206.12437},
        pages = {arXiv:2206.12437},
archivePrefix = {arXiv},
       eprint = {2206.12437},
 primaryClass = {astro-ph.SR},
       adsurl = {https://ui.adsabs.harvard.edu/abs/2022arXiv220612437N},
      adsnote = {Provided by the SAO/NASA Astrophysics Data System}
}

@ARTICLE{Leroy_2019,
       author = {{Leroy}, Adam K. and {Sandstrom}, Karin M. and {Lang}, Dustin and {Lewis}, Alexia and {Salim}, Samir and {Behrens}, Erica A. and {Chastenet}, J{\'e}r{\'e}my and {Chiang}, I-Da and {Gallagher}, Molly J. and {Kessler}, Sarah and {Utomo}, Dyas},
        title = "{A z = 0 Multiwavelength Galaxy Synthesis. I. A WISE and GALEX Atlas of Local Galaxies}",
      journal = {\apjs},
     keywords = {galaxies: general, galaxies: ISM, galaxies: spiral, galaxies: star formation, infrared: galaxies, ultraviolet: galaxies, Astrophysics - Astrophysics of Galaxies},
         year = 2019,
        month = oct,
       volume = {244},
       number = {2},
          eid = {24},
        pages = {24},
          doi = {10.3847/1538-4365/ab3925},
archivePrefix = {arXiv},
       eprint = {1910.13470},
 primaryClass = {astro-ph.GA},
       adsurl = {https://ui.adsabs.harvard.edu/abs/2019ApJS..244...24L},
      adsnote = {Provided by the SAO/NASA Astrophysics Data System}
}

@ARTICLE{Dong_Ca-rich_2022,
       author = {{Dong}, Yuxin and {Milisavljevic}, Dan and {Leja}, Joel and {Sarbadhicary}, Sumit K. and {Nugent}, Anya E. and {Margutti}, Raffaella and {Jacobson-Gal{\'a}n}, Wynn V. and {Polin}, Abigail and {Banovetz}, John and {Reynolds}, Jack M. and {Subrayan}, Bhagya},
        title = "{Physical Properties of the Host Galaxies of Ca-rich Transients}",
      journal = {\apj},
     keywords = {Supernovae, Galaxies, Photometry, 1668, 573, 1234, Astrophysics - High Energy Astrophysical Phenomena, Astrophysics - Astrophysics of Galaxies},
         year = 2022,
        month = mar,
       volume = {927},
       number = {2},
          eid = {199},
        pages = {199},
          doi = {10.3847/1538-4357/ac5257},
archivePrefix = {arXiv},
       eprint = {2202.03449},
 primaryClass = {astro-ph.HE},
       adsurl = {https://ui.adsabs.harvard.edu/abs/2022ApJ...927..199D},
      adsnote = {Provided by the SAO/NASA Astrophysics Data System}
}

@ARTICLE{GALEX_2005,
       author = {{Martin}, D. Christopher and {Fanson}, James and {Schiminovich}, David and {Morrissey}, Patrick and {Friedman}, Peter G. and {Barlow}, Tom A. and {Conrow}, Tim and {Grange}, Robert and {Jelinsky}, Patrick N. and {Milliard}, Bruno and {Siegmund}, Oswald H.~W. and {Bianchi}, Luciana and {Byun}, Yong-Ik and {Donas}, Jose and {Forster}, Karl and {Heckman}, Timothy M. and {Lee}, Young-Wook and {Madore}, Barry F. and {Malina}, Roger F. and {Neff}, Susan G. and {Rich}, R. Michael and {Small}, Todd and {Surber}, Frank and {Szalay}, Alex S. and {Welsh}, Barry and {Wyder}, Ted K.},
        title = "{The Galaxy Evolution Explorer: A Space Ultraviolet Survey Mission}",
      journal = {\apjl},
     keywords = {Galaxies: Evolution, Galaxies: General, Space Vehicles: Instruments, Surveys, Ultraviolet: Galaxies, Ultraviolet: General, Astrophysics},
         year = 2005,
        month = jan,
       volume = {619},
       number = {1},
        pages = {L1-L6},
          doi = {10.1086/426387},
archivePrefix = {arXiv},
       eprint = {astro-ph/0411302},
 primaryClass = {astro-ph},
       adsurl = {https://ui.adsabs.harvard.edu/abs/2005ApJ...619L...1M},
      adsnote = {Provided by the SAO/NASA Astrophysics Data System}
}

@ARTICLE{WISE_2010,
       author = {{Wright}, Edward L. and {Eisenhardt}, Peter R.~M. and {Mainzer}, Amy K. and {Ressler}, Michael E. and {Cutri}, Roc M. and {Jarrett}, Thomas and {Kirkpatrick}, J. Davy and {Padgett}, Deborah and {McMillan}, Robert S. and {Skrutskie}, Michael and {Stanford}, S.~A. and {Cohen}, Martin and {Walker}, Russell G. and {Mather}, John C. and {Leisawitz}, David and {Gautier}, Thomas N., III and {McLean}, Ian and {Benford}, Dominic and {Lonsdale}, Carol J. and {Blain}, Andrew and {Mendez}, Bryan and {Irace}, William R. and {Duval}, Valerie and {Liu}, Fengchuan and {Royer}, Don and {Heinrichsen}, Ingolf and {Howard}, Joan and {Shannon}, Mark and {Kendall}, Martha and {Walsh}, Amy L. and {Larsen}, Mark and {Cardon}, Joel G. and {Schick}, Scott and {Schwalm}, Mark and {Abid}, Mohamed and {Fabinsky}, Beth and {Naes}, Larry and {Tsai}, Chao-Wei},
        title = "{The Wide-field Infrared Survey Explorer (WISE): Mission Description and Initial On-orbit Performance}",
      journal = {\aj},
     keywords = {infrared: general, space vehicles, surveys, Astrophysics - Instrumentation and Methods for Astrophysics},
         year = 2010,
        month = dec,
       volume = {140},
       number = {6},
        pages = {1868-1881},
          doi = {10.1088/0004-6256/140/6/1868},
archivePrefix = {arXiv},
       eprint = {1008.0031},
 primaryClass = {astro-ph.IM},
       adsurl = {https://ui.adsabs.harvard.edu/abs/2010AJ....140.1868W},
      adsnote = {Provided by the SAO/NASA Astrophysics Data System}
}

@ARTICLE{Yao_2019,
       author = {{Yao}, Yuhan and {Miller}, Adam A. and {Kulkarni}, S.~R. and {Bulla}, Mattia and {Masci}, Frank J. and {Goldstein}, Daniel A. and {Goobar}, Ariel and {Nugent}, Peter and {Dugas}, Alison and {Blagorodnova}, Nadia and {Neill}, James D. and {Rigault}, Mickael and {Sollerman}, Jesper and {Nordin}, J. and {Bellm}, Eric C. and {Cenko}, S. Bradley and {De}, Kishalay and {Dhawan}, Suhail and {Feindt}, Ulrich and {Fremling}, C. and {Gatkine}, Pradip and {Graham}, Matthew J. and {Graham}, Melissa L. and {Ho}, Anna Y.~Q. and {Hung}, T. and {Kasliwal}, Mansi M. and {Kupfer}, Thomas and {Laher}, Russ R. and {Perley}, Daniel A. and {Rusholme}, Ben and {Shupe}, David L. and {Soumagnac}, Maayane T. and {Taggart}, K. and {Walters}, Richard and {Yan}, Lin},
        title = "{ZTF Early Observations of Type Ia Supernovae. I. Properties of the 2018 Sample}",
      journal = {\apj},
     keywords = {Type Ia supernovae, Sky surveys, Catalogs, Supernovae, Surveys, Photometry, 1728, 1464, 205, 1668, 1671, 1234, Astrophysics - High Energy Astrophysical Phenomena},
         year = 2019,
        month = dec,
       volume = {886},
       number = {2},
          eid = {152},
        pages = {152},
          doi = {10.3847/1538-4357/ab4cf5},
archivePrefix = {arXiv},
       eprint = {1910.02967},
 primaryClass = {astro-ph.HE},
       adsurl = {https://ui.adsabs.harvard.edu/abs/2019ApJ...886..152Y},
      adsnote = {Provided by the SAO/NASA Astrophysics Data System}
}

@ARTICLE{Chabrier_2003,
       author = {{Chabrier}, Gilles},
        title = "{Galactic Stellar and Substellar Initial Mass Function}",
      journal = {\pasp},
     keywords = {Galaxies: Luminosity Function, Mass Function, Invited Reviews, Astrophysics},
         year = 2003,
        month = jul,
       volume = {115},
       number = {809},
        pages = {763-795},
          doi = {10.1086/376392},
archivePrefix = {arXiv},
       eprint = {astro-ph/0304382},
 primaryClass = {astro-ph},
       adsurl = {https://ui.adsabs.harvard.edu/abs/2003PASP..115..763C},
      adsnote = {Provided by the SAO/NASA Astrophysics Data System}
}

@ARTICLE{Gallazzi_2005,
       author = {{Gallazzi}, Anna and {Charlot}, St{\'e}phane and {Brinchmann}, Jarle and {White}, Simon D.~M. and {Tremonti}, Christy A.},
        title = "{The ages and metallicities of galaxies in the local universe}",
      journal = {\mnras},
     keywords = {galaxies: evolution, galaxies: formation, galaxies: stellar content, Astrophysics},
         year = 2005,
        month = sep,
       volume = {362},
       number = {1},
        pages = {41-58},
          doi = {10.1111/j.1365-2966.2005.09321.x},
archivePrefix = {arXiv},
       eprint = {astro-ph/0506539},
 primaryClass = {astro-ph},
       adsurl = {https://ui.adsabs.harvard.edu/abs/2005MNRAS.362...41G},
      adsnote = {Provided by the SAO/NASA Astrophysics Data System}
}

@ARTICLE{Nugent_2020,
       author = {{Nugent}, A.~E. and {Fong}, W. and {Dong}, Y. and {Palmese}, A. and {Leja}, J. and {Escorial}, A. Rouco and {Blanchard}, P.~K. and {Paterson}, K. and {Chornock}, R. and {Monson}, A. and {Nicholl}, M. and {Berger}, E.},
        title = "{The Distant, Galaxy Cluster Environment of the Short GRB 161104A at z {\ensuremath{\sim}} 0.8 and a Comparison to the Short GRB Host Population}",
      journal = {\apj},
     keywords = {Gamma-ray bursts, Galaxy clusters, Galaxy environments, High energy astrophysics, 629, 584, 2029, 739, Astrophysics - High Energy Astrophysical Phenomena},
         year = 2020,
        month = nov,
       volume = {904},
       number = {1},
          eid = {52},
        pages = {52},
          doi = {10.3847/1538-4357/abc24a},
archivePrefix = {arXiv},
       eprint = {2007.10372},
 primaryClass = {astro-ph.HE},
       adsurl = {https://ui.adsabs.harvard.edu/abs/2020ApJ...904...52N},
      adsnote = {Provided by the SAO/NASA Astrophysics Data System}
}

@ARTICLE{Nugent_2022,
       author = {{Nugent}, Anya E. and {Fong}, Wen-Fai and {Dong}, Yuxin and {Leja}, Joel and {Berger}, Edo and {Zevin}, Michael and {Chornock}, Ryan and {Cobb}, Bethany E. and {Kelley}, Luke Zoltan and {Kilpatrick}, Charles D. and {Levan}, Andrew and {Margutti}, Raffaella and {Paterson}, Kerry and {Perley}, Daniel and {Escorial}, Alicia Rouco and {Smith}, Nathan and {Tanvir}, Nial},
        title = "{Short GRB Host Galaxies. II. A Legacy Sample of Redshifts, Stellar Population Properties, and Implications for Their Neutron Star Merger Origins}",
      journal = {\apj},
     keywords = {Gravitational wave sources, Gamma-ray bursts, Stellar populations, 677, 629, 1622, Astrophysics - Astrophysics of Galaxies, Astrophysics - High Energy Astrophysical Phenomena},
         year = 2022,
        month = nov,
       volume = {940},
       number = {1},
          eid = {57},
        pages = {57},
          doi = {10.3847/1538-4357/ac91d1},
archivePrefix = {arXiv},
       eprint = {2206.01764},
 primaryClass = {astro-ph.GA},
       adsurl = {https://ui.adsabs.harvard.edu/abs/2022ApJ...940...57N},
      adsnote = {Provided by the SAO/NASA Astrophysics Data System}
}



@ARTICLE{Cardelli_1989,
       author = {{Cardelli}, Jason A. and {Clayton}, Geoffrey C. and {Mathis}, John S.},
        title = "{The Relationship between Infrared, Optical, and Ultraviolet Extinction}",
      journal = {\apj},
     keywords = {Infrared Spectra, Interstellar Extinction, Ultraviolet Spectra, Visible Spectrum, Computational Astrophysics, Interstellar Matter, Iue, Astrophysics, INTERSTELLAR: MATTER, ULTRAVIOLET: SPECTRA},
         year = 1989,
        month = oct,
       volume = {345},
        pages = {245},
          doi = {10.1086/167900},
       adsurl = {https://ui.adsabs.harvard.edu/abs/1989ApJ...345..245C},
      adsnote = {Provided by the SAO/NASA Astrophysics Data System}
}

@ARTICLE{Mazzali_2014,
       author = {{Mazzali}, P.~A. and {Sullivan}, M. and {Hachinger}, S. and {Ellis}, R.~S. and {Nugent}, P.~E. and {Howell}, D.~A. and {Gal-Yam}, A. and {Maguire}, K. and {Cooke}, J. and {Thomas}, R. and {Nomoto}, K. and {Walker}, E.~S.},
        title = "{Hubble Space Telescope spectra of the Type Ia supernova SN 2011fe: a tail of low-density, high-velocity material with Z < Z$_{{\ensuremath{\odot}}}$}",
      journal = {\mnras},
     keywords = {radiative transfer, techniques: spectroscopic, supernovae: general, supernovae: individual: SN 2011fe, Astrophysics - Cosmology and Nongalactic Astrophysics, Astrophysics - Solar and Stellar Astrophysics},
         year = 2014,
        month = apr,
       volume = {439},
       number = {2},
        pages = {1959-1979},
          doi = {10.1093/mnras/stu077},
archivePrefix = {arXiv},
       eprint = {1305.2356},
 primaryClass = {astro-ph.CO},
       adsurl = {https://ui.adsabs.harvard.edu/abs/2014MNRAS.439.1959M},
      adsnote = {Provided by the SAO/NASA Astrophysics Data System}
}

@ARTICLE{Sullivan_2011,
       author = {{Sullivan}, M. and {Kasliwal}, M.~M. and {Nugent}, P.~E. and {Howell}, D.~A. and {Thomas}, R.~C. and {Ofek}, E.~O. and {Arcavi}, I. and {Blake}, S. and {Cooke}, J. and {Gal-Yam}, A. and {Hook}, I.~M. and {Mazzali}, P. and {Podsiadlowski}, P. and {Quimby}, R. and {Bildsten}, L. and {Bloom}, J.~S. and {Cenko}, S.~B. and {Kulkarni}, S.~R. and {Law}, N. and {Poznanski}, D.},
        title = "{The Subluminous and Peculiar Type Ia Supernova PTF 09dav}",
      journal = {\apj},
     keywords = {supernovae: general, supernovae: individual: PTF09dav, Astrophysics - Cosmology and Nongalactic Astrophysics, Astrophysics - Solar and Stellar Astrophysics},
         year = 2011,
        month = may,
       volume = {732},
       number = {2},
          eid = {118},
        pages = {118},
          doi = {10.1088/0004-637X/732/2/118},
archivePrefix = {arXiv},
       eprint = {1103.1797},
 primaryClass = {astro-ph.CO},
       adsurl = {https://ui.adsabs.harvard.edu/abs/2011ApJ...732..118S},
      adsnote = {Provided by the SAO/NASA Astrophysics Data System}
}

@ARTICLE{Kasliwal_2012,
       author = {{Kasliwal}, Mansi M. and {Kulkarni}, S.~R. and {Gal-Yam}, Avishay and {Nugent}, Peter E. and {Sullivan}, Mark and {Bildsten}, Lars and {Yaron}, Ofer and {Perets}, Hagai B. and {Arcavi}, Iair and {Ben-Ami}, Sagi and {Bhalerao}, Varun B. and {Bloom}, Joshua S. and {Cenko}, S. Bradley and {Filippenko}, Alexei V. and {Frail}, Dale A. and {Ganeshalingam}, Mohan and {Horesh}, Assaf and {Howell}, D. Andrew and {Law}, Nicholas M. and {Leonard}, Douglas C. and {Li}, Weidong and {Ofek}, Eran O. and {Polishook}, David and {Poznanski}, Dovi and {Quimby}, Robert M. and {Silverman}, Jeffrey M. and {Sternberg}, Assaf and {Xu}, Dong},
        title = "{Calcium-rich Gap Transients in the Remote Outskirts of Galaxies}",
      journal = {\apj},
     keywords = {galaxies: clusters: general, Galaxy: halo, novae, cataclysmic variables, supernovae: individual: SN2005E SN2007ke PTF09dav PTF10iuv PTF11bij, surveys, white dwarfs, Astrophysics - High Energy Astrophysical Phenomena, Astrophysics - Cosmology and Nongalactic Astrophysics, Astrophysics - Solar and Stellar Astrophysics},
         year = 2012,
        month = aug,
       volume = {755},
       number = {2},
          eid = {161},
        pages = {161},
          doi = {10.1088/0004-637X/755/2/161},
archivePrefix = {arXiv},
       eprint = {1111.6109},
 primaryClass = {astro-ph.HE},
       adsurl = {https://ui.adsabs.harvard.edu/abs/2012ApJ...755..161K},
      adsnote = {Provided by the SAO/NASA Astrophysics Data System}
}

@ARTICLE{Perets_2010,
       author = {{Perets}, H.~B. and {Gal-Yam}, A. and {Mazzali}, P.~A. and {Arnett}, D. and {Kagan}, D. and {Filippenko}, A.~V. and {Li}, W. and {Arcavi}, I. and {Cenko}, S.~B. and {Fox}, D.~B. and {Leonard}, D.~C. and {Moon}, D. -S. and {Sand}, D.~J. and {Soderberg}, A.~M. and {Anderson}, J.~P. and {James}, P.~A. and {Foley}, R.~J. and {Ganeshalingam}, M. and {Ofek}, E.~O. and {Bildsten}, L. and {Nelemans}, G. and {Shen}, K.~J. and {Weinberg}, N.~N. and {Metzger}, B.~D. and {Piro}, A.~L. and {Quataert}, E. and {Kiewe}, M. and {Poznanski}, D.},
        title = "{A faint type of supernova from a white dwarf with a helium-rich companion}",
      journal = {\nat},
     keywords = {Astrophysics - High Energy Astrophysical Phenomena, Astrophysics - Solar and Stellar Astrophysics, High Energy Physics - Phenomenology, Nuclear Theory},
         year = 2010,
        month = may,
       volume = {465},
       number = {7296},
        pages = {322-325},
          doi = {10.1038/nature09056},
archivePrefix = {arXiv},
       eprint = {0906.2003},
 primaryClass = {astro-ph.HE},
       adsurl = {https://ui.adsabs.harvard.edu/abs/2010Natur.465..322P},
      adsnote = {Provided by the SAO/NASA Astrophysics Data System}
}

@ARTICLE{Pereira_2013,
       author = {{Pereira}, R. and {Thomas}, R.~C. and {Aldering}, G. and {Antilogus}, P. and {Baltay}, C. and {Benitez-Herrera}, S. and {Bongard}, S. and {Buton}, C. and {Canto}, A. and {Cellier-Holzem}, F. and {Chen}, J. and {Childress}, M. and {Chotard}, N. and {Copin}, Y. and {Fakhouri}, H.~K. and {Fink}, M. and {Fouchez}, D. and {Gangler}, E. and {Guy}, J. and {Hillebrandt}, W. and {Hsiao}, E.~Y. and {Kerschhaggl}, M. and {Kowalski}, M. and {Kromer}, M. and {Nordin}, J. and {Nugent}, P. and {Paech}, K. and {Pain}, R. and {P{\'e}contal}, E. and {Perlmutter}, S. and {Rabinowitz}, D. and {Rigault}, M. and {Runge}, K. and {Saunders}, C. and {Smadja}, G. and {Tao}, C. and {Taubenberger}, S. and {Tilquin}, A. and {Wu}, C.},
        title = "{Spectrophotometric time series of SN 2011fe from the Nearby Supernova Factory}",
      journal = {\aap},
     keywords = {supernovae: individual: SN 2011fe, Astrophysics - Cosmology and Nongalactic Astrophysics},
         year = 2013,
        month = jun,
       volume = {554},
          eid = {A27},
        pages = {A27},
          doi = {10.1051/0004-6361/201221008},
archivePrefix = {arXiv},
       eprint = {1302.1292},
 primaryClass = {astro-ph.CO},
       adsurl = {https://ui.adsabs.harvard.edu/abs/2013A&A...554A..27P},
      adsnote = {Provided by the SAO/NASA Astrophysics Data System}
}

@ARTICLE{Cook_2019,
       author = {{Cook}, David O. and {Kasliwal}, Mansi M. and {Van Sistine}, Angela and {Kaplan}, David L. and {Sutter}, Jessica S. and {Kupfer}, Thomas and {Shupe}, David L. and {Laher}, Russ R. and {Masci}, Frank J. and {Dale}, Daniel A. and {Sesar}, Branimir and {Brady}, Patrick R. and {Yan}, Lin and {Ofek}, Eran O. and {Reitze}, David H. and {Kulkarni}, Shrinivas R.},
        title = "{Census of the Local Universe (CLU) Narrowband Survey. I. Galaxy Catalogs from Preliminary Fields}",
      journal = {\apj},
     keywords = {galaxies: Seyfert, galaxies: starburst, gravitational waves, surveys, Astrophysics - Astrophysics of Galaxies, Astrophysics - High Energy Astrophysical Phenomena, Astrophysics - Instrumentation and Methods for Astrophysics},
         year = 2019,
        month = jul,
       volume = {880},
       number = {1},
          eid = {7},
        pages = {7},
          doi = {10.3847/1538-4357/ab2131},
archivePrefix = {arXiv},
       eprint = {1710.05016},
 primaryClass = {astro-ph.GA},
       adsurl = {https://ui.adsabs.harvard.edu/abs/2019ApJ...880....7C},
      adsnote = {Provided by the SAO/NASA Astrophysics Data System}
}

@ARTICLE{Filippenko97,
       author = {{Filippenko}, Alexei V.},
        title = "{Optical Spectra of Supernovae}",
      journal = {\araa},
         year = 1997,
        month = jan,
       volume = {35},
        pages = {309-355},
          doi = {10.1146/annurev.astro.35.1.309},
       adsurl = {https://ui.adsabs.harvard.edu/abs/1997ARA&A..35..309F},
      adsnote = {Provided by the SAO/NASA Astrophysics Data System}
}

@ARTICLE{Ganeshalingam_2012,
       author = {{Ganeshalingam}, Mohan and {Li}, Weidong and {Filippenko}, Alexei V. and {Silverman}, Jeffrey M. and {Chornock}, Ryan and {Foley}, Ryan J. and {Matheson}, Thomas and {Kirshner}, Robert P. and {Milne}, Peter and {Calkins}, Mike and {Shen}, Ken J.},
        title = "{The Low-velocity, Rapidly Fading Type Ia Supernova 2002es}",
      journal = {\apj},
     keywords = {supernovae: general, supernovae: individual: SN 2002es SN 1999bh, Astrophysics - Cosmology and Nongalactic Astrophysics},
         year = 2012,
        month = jun,
       volume = {751},
       number = {2},
          eid = {142},
        pages = {142},
          doi = {10.1088/0004-637X/751/2/142},
archivePrefix = {arXiv},
       eprint = {1202.3140},
 primaryClass = {astro-ph.CO},
       adsurl = {https://ui.adsabs.harvard.edu/abs/2012ApJ...751..142G},
      adsnote = {Provided by the SAO/NASA Astrophysics Data System}
}

@ARTICLE{Filippenko_2003,
       author = {{Filippenko}, A.~V. and {Chornock}, R. and {Swift}, B. and {Modjaz}, M. and {Simcoe}, R. and {Rauch}, M.},
        title = "{Supernovae 2001co, 2003H, 2003dg, and 2003dr}",
      journal = {\iaucirc},
         year = 2003,
        month = jun,
       volume = {8159},
        pages = {2},
       adsurl = {https://ui.adsabs.harvard.edu/abs/2003IAUC.8159....2F},
      adsnote = {Provided by the SAO/NASA Astrophysics Data System}
}

@ARTICLE{Valenti_12hn_2014,
       author = {{Valenti}, S. and {Yuan}, F. and {Taubenberger}, S. and {Maguire}, K. and {Pastorello}, A. and {Benetti}, S. and {Smartt}, S.~J. and {Cappellaro}, E. and {Howell}, D.~A. and {Bildsten}, L. and {Moore}, K. and {Stritzinger}, M. and {Anderson}, J.~P. and {Benitez-Herrera}, S. and {Bufano}, F. and {Gonzalez-Gaitan}, S. and {McCrum}, M.~G. and {Pignata}, G. and {Fraser}, M. and {Gal-Yam}, A. and {Le Guillou}, L. and {Inserra}, C. and {Reichart}, D.~E. and {Scalzo}, R. and {Sullivan}, M. and {Yaron}, O. and {Young}, D.~R.},
        title = "{PESSTO monitoring of SN 2012hn: further heterogeneity among faint Type I supernovae}",
      journal = {\mnras},
     keywords = {supernovae: general, supernovae: individual: 2012hn, Astrophysics - Solar and Stellar Astrophysics, Astrophysics - Cosmology and Nongalactic Astrophysics},
         year = 2014,
        month = jan,
       volume = {437},
       number = {2},
        pages = {1519-1533},
          doi = {10.1093/mnras/stt1983},
archivePrefix = {arXiv},
       eprint = {1302.2983},
 primaryClass = {astro-ph.SR},
       adsurl = {https://ui.adsabs.harvard.edu/abs/2014MNRAS.437.1519V},
      adsnote = {Provided by the SAO/NASA Astrophysics Data System}
}

@ARTICLE{Magee_2021,
       author = {{Magee}, M.~R. and {Maguire}, K. and {Kotak}, R. and {Sim}, S.~A.},
        title = "{Exploring the diversity of double-detonation explosions for Type Ia supernovae: effects of the post-explosion helium shell composition}",
      journal = {\mnras},
     keywords = {radiative transfer, supernovae: general, Astrophysics - High Energy Astrophysical Phenomena},
         year = 2021,
        month = apr,
       volume = {502},
       number = {3},
        pages = {3533-3553},
          doi = {10.1093/mnras/stab201},
archivePrefix = {arXiv},
       eprint = {2101.09792},
 primaryClass = {astro-ph.HE},
       adsurl = {https://ui.adsabs.harvard.edu/abs/2021MNRAS.502.3533M},
      adsnote = {Provided by the SAO/NASA Astrophysics Data System}
}

@ARTICLE{Lyman_2014,
       author = {{Lyman}, J.~D. and {Levan}, A.~J. and {Church}, R.~P. and {Davies}, M.~B. and {Tanvir}, N.~R.},
        title = "{The progenitors of calcium-rich transients are not formed in situ*}",
      journal = {\mnras},
     keywords = {supernovae: general, supernovae: individual: 2003H, supernovae: individual: 2005E, supernovae: individual: 2012hn, Astrophysics - High Energy Astrophysical Phenomena},
         year = 2014,
        month = nov,
       volume = {444},
       number = {3},
        pages = {2157-2166},
          doi = {10.1093/mnras/stu1574},
archivePrefix = {arXiv},
       eprint = {1408.1424},
 primaryClass = {astro-ph.HE},
       adsurl = {https://ui.adsabs.harvard.edu/abs/2014MNRAS.444.2157L},
      adsnote = {Provided by the SAO/NASA Astrophysics Data System}
}

@INCOLLECTION{Gal-Yam_2017,
       author = {{Gal-Yam}, Avishay},
        title = "{Observational and Physical Classification of Supernovae}",
     keywords = {Physics, Astrophysics - High Energy Astrophysical Phenomena},
    booktitle = {Handbook of Supernovae},
         year = 2017,
       editor = {{Alsabti}, Athem W. and {Murdin}, Paul},
        pages = {195},
          doi = {10.1007/978-3-319-21846-5_35},
       adsurl = {https://ui.adsabs.harvard.edu/abs/2017hsn..book..195G},
      adsnote = {Provided by the SAO/NASA Astrophysics Data System}
}

@ARTICLE{Sun_2017,
       author = {{Sun}, Fengwu and {Gal-Yam}, Avishay},
        title = "{Quantitative Classification of Type I Supernovae Using Spectroscopic Features at Maximum Brightness}",
      journal = {arXiv e-prints},
     keywords = {Astrophysics - High Energy Astrophysical Phenomena},
         year = 2017,
        month = jul,
          eid = {arXiv:1707.02543},
        pages = {arXiv:1707.02543},
archivePrefix = {arXiv},
       eprint = {1707.02543},
 primaryClass = {astro-ph.HE},
       adsurl = {https://ui.adsabs.harvard.edu/abs/2017arXiv170702543S},
      adsnote = {Provided by the SAO/NASA Astrophysics Data System}
}

@BOOK{Osterbrock_2006,
       author = {{Osterbrock}, Donald E. and {Ferland}, Gary J.},
        title = "{Astrophysics of gaseous nebulae and active galactic nuclei}",
         year = 2006,
       adsurl = {https://ui.adsabs.harvard.edu/abs/2006agna.book.....O},
      adsnote = {Provided by the SAO/NASA Astrophysics Data System}
}

@ARTICLE{Ahn2012a,
   author = {{Ahn}, C.~P. and {Alexandroff}, R. and {Allende Prieto}, C. and
	{Anderson}, S.~F. and {Anderton}, T. and {Andrews}, B.~H. and
	{Aubourg}, {\'E}. and {Bailey}, S. and {Balbinot}, E. and {Barnes}, R. and et al.},
    title = "{The Ninth Data Release of the Sloan Digital Sky Survey: First Spectroscopic Data from the SDSS-III Baryon Oscillation Spectroscopic Survey}",
  journal = {\apjs},
archivePrefix = "arXiv",
   eprint = {1207.7137},
 primaryClass = "astro-ph.IM",
 keywords = {atlases, catalogs, surveys },
     year = 2012,
    month = dec,
   volume = 203,
      eid = {21},
    pages = {21},
      doi = {10.1088/0067-0049/203/2/21},
   adsurl = {http://adsabs.harvard.edu/abs/2012ApJS..203...21A},
  adsnote = {Provided by the SAO/NASA Astrophysics Data System}
}

@ARTICLE{Martin2005a,
       author = {{Martin}, D. Christopher and {Fanson}, James and {Schiminovich}, David and {Morrissey}, Patrick and {Friedman}, Peter G. and {Barlow}, Tom A. and {Conrow}, Tim and {Grange}, Robert and {Jelinsky}, Patrick N. and {Milliard}, Bruno and {Siegmund}, Oswald H.~W. and {Bianchi}, Luciana and {Byun}, Yong-Ik and {Donas}, Jose and {Forster}, Karl and {Heckman}, Timothy M. and {Lee}, Young-Wook and {Madore}, Barry F. and {Malina}, Roger F. and {Neff}, Susan G. and {Rich}, R. Michael and {Small}, Todd and {Surber}, Frank and {Szalay}, Alex S. and {Welsh}, Barry and {Wyder}, Ted K.},
        title = "{The Galaxy Evolution Explorer: A Space Ultraviolet Survey Mission}",
      journal = {\apjl},
     keywords = {Galaxies: Evolution, Galaxies: General, Space Vehicles: Instruments, Surveys, Ultraviolet: Galaxies, Ultraviolet: General, Astrophysics},
         year = 2005,
        month = jan,
       volume = {619},
       number = {1},
        pages = {L1-L6},
          doi = {10.1086/426387},
archivePrefix = {arXiv},
       eprint = {astro-ph/0411302},
 primaryClass = {astro-ph},
       adsurl = {https://ui.adsabs.harvard.edu/abs/2005ApJ...619L...1M},
      adsnote = {Provided by the SAO/NASA Astrophysics Data System}
}



@ARTICLE{Lang2014a,
       author = {{Lang}, D.},
        title = "{unWISE: Unblurred Coadds of the WISE Imaging}",
      journal = {\aj},
     keywords = {methods: data analysis, surveys, techniques: image processing, Astrophysics - Instrumentation and Methods for Astrophysics},
         year = "2014",
        month = "May",
       volume = {147},
          eid = {108},
        pages = {108},
          doi = {10.1088/0004-6256/147/5/108},
archivePrefix = {arXiv},
       eprint = {1405.0308},
 primaryClass = {astro-ph.IM},
       adsurl = {https://ui.adsabs.harvard.edu/\#abs/2014AJ....147..108L},
      adsnote = {Provided by the SAO/NASA Astrophysics Data System}
}

@ARTICLE{Mainzer2014a,
       author = {{Mainzer}, A. and {Bauer}, J. and {Cutri}, R.~M. and {Grav}, T. and
         {Masiero}, J. and {Beck}, R. and {Clarkson}, P. and {Conrow}, T. and
         {Dailey}, J. and {Eisenhardt}, P. and {Fabinsky}, B. and
         {Fajardo-Acosta}, S. and {Fowler}, J. and {Gelino}, C. and
         {Grillmair}, C. and {Heinrichsen}, I. and {Kendall}, M. and
         {Kirkpatrick}, J. Davy and {Liu}, F. and {Masci}, F. and
         {McCallon}, H. and {Nugent}, C.~R. and {Papin}, M. and {Rice}, E. and
         {Royer}, D. and {Ryan}, T. and {Sevilla}, P. and {Sonnett}, S. and
         {Stevenson}, R. and {Thompson}, D.~B. and {Wheelock}, S. and
         {Wiemer}, D. and {Wittman}, M. and {Wright}, E. and {Yan}, L.},
        title = "{Initial Performance of the NEOWISE Reactivation Mission}",
      journal = {\apj},
     keywords = {comets: general, infrared: general, minor planets, asteroids: general, space vehicles, surveys, Astrophysics - Earth and Planetary Astrophysics},
         year = 2014,
        month = sep,
       volume = {792},
       number = {1},
          eid = {30},
        pages = {30},
          doi = {10.1088/0004-637X/792/1/30},
archivePrefix = {arXiv},
       eprint = {1406.6025},
 primaryClass = {astro-ph.EP},
       adsurl = {https://ui.adsabs.harvard.edu/abs/2014ApJ...792...30M},
      adsnote = {Provided by the SAO/NASA Astrophysics Data System}
}

@ARTICLE{Meisner2017a,
       author = {{Meisner}, Aaron M. and {Lang}, Dustin and {Schlegel}, David J.},
        title = "{Full-depth Coadds of the WISE and First-year NEOWISE-reactivation Images}",
      journal = {\aj},
     keywords = {infrared: general, methods: data analysis, surveys, techniques: image processing, Astrophysics - Instrumentation and Methods for Astrophysics},
         year = 2017,
        month = jan,
       volume = {153},
          eid = {38},
        pages = {38},
          doi = {10.3847/1538-3881/153/1/38},
archivePrefix = {arXiv},
       eprint = {1603.05664},
 primaryClass = {astro-ph.IM},
       adsurl = {https://ui.adsabs.harvard.edu/\#abs/2017AJ....153...38M},
      adsnote = {Provided by the SAO/NASA Astrophysics Data System}
}

@ARTICLE{Meisner2017b,
       author = {{Meisner}, A.~M. and {Lang}, D. and {Schlegel}, D.~J.},
        title = "{Deep Full-sky Coadds from Three Years of WISE and NEOWISE Observations}",
      journal = {\aj},
     keywords = {infrared: general, techniques: image processing, Astrophysics - Instrumentation and Methods for Astrophysics},
         year = 2017,
        month = oct,
       volume = {154},
       number = {4},
          eid = {161},
        pages = {161},
          doi = {10.3847/1538-3881/aa894e},
archivePrefix = {arXiv},
       eprint = {1705.06746},
 primaryClass = {astro-ph.IM},
       adsurl = {https://ui.adsabs.harvard.edu/abs/2017AJ....154..161M},
      adsnote = {Provided by the SAO/NASA Astrophysics Data System}
}

@misc{unwise_images,
  doi = {10.26131/IRSA524},
  url = {https://catcopy.ipac.caltech.edu/dois/doi.php?id=10.26131/IRSA524},
  author = {{UnWISE Team}},
  title = {unWISE Images},
  publisher = {IPAC},
  year = {2021}
}

@ARTICLE{Schulze2021a,
       author = {{Schulze}, Steve and {Yaron}, Ofer and {Sollerman}, Jesper and {Leloudas}, Giorgos and {Gal}, Amit and {Wright}, Angus H. and {Lunnan}, Ragnhild and {Gal-Yam}, Avishay and {Ofek}, Eran O. and {Perley}, Daniel A. and {Filippenko}, Alexei V. and {Kasliwal}, Mansi M. and {Kulkarni}, Shrinivas R. and {Neill}, James D. and {Nugent}, Peter E. and {Quimby}, Robert M. and {Sullivan}, Mark and {Strotjohann}, Nora Linn and {Arcavi}, Iair and {Ben-Ami}, Sagi and {Bianco}, Federica and {Bloom}, Joshua S. and {De}, Kishalay and {Fraser}, Morgan and {Fremling}, Christoffer U. and {Horesh}, Assaf and {Johansson}, Joel and {Kelly}, Patrick L. and {Kne{\v{z}}evi{\'c}}, Nikola and {Kne{\v{z}}evi{\'c}}, Sladjana and {Maguire}, Kate and {Nyholm}, Anders and {Papadogiannakis}, Sem{\'e}li and {Petrushevska}, Tanja and {Rubin}, Adam and {Yan}, Lin and {Yang}, Yi and {Adams}, Scott M. and {Bufano}, Filomena and {Clubb}, Kelsey I. and {Foley}, Ryan J. and {Green}, Yoav and {Harmanen}, Jussi and {Ho}, Anna Y.~Q. and {Hook}, Isobel M. and {Hosseinzadeh}, Griffin and {Howell}, D. Andrew and {Kong}, Albert K.~H. and {Kotak}, Rubina and {Matheson}, Thomas and {McCully}, Curtis and {Milisavljevic}, Dan and {Pan}, Yen-Chen and {Poznanski}, Dovi and {Shivvers}, Isaac and {van Velzen}, Sjoert and {Verbeek}, Kars K.},
        title = "{The Palomar Transient Factory Core-collapse Supernova Host-galaxy Sample. I. Host-galaxy Distribution Functions and Environment Dependence of Core-collapse Supernovae}",
      journal = {\apjs},
     keywords = {Supernovae, Core-collapse supernovae, Galaxies, Galactic and extragalactic astronomy, 1668, 304, 573, 563, Astrophysics - Astrophysics of Galaxies},
         year = 2021,
        month = aug,
       volume = {255},
       number = {2},
          eid = {29},
        pages = {29},
          doi = {10.3847/1538-4365/abff5e},
archivePrefix = {arXiv},
       eprint = {2008.05988},
 primaryClass = {astro-ph.GA},
       adsurl = {https://ui.adsabs.harvard.edu/abs/2021ApJS..255...29S},
      adsnote = {Provided by the SAO/NASA Astrophysics Data System}
}

@ARTICLE{Skrutskie2006a,
   author = {{Skrutskie}, M.~F. and {Cutri}, R.~M. and {Stiening}, R. and 
	{Weinberg}, M.~D. and {Schneider}, S. and {Carpenter}, J.~M. and 
	{Beichman}, C. and {Capps}, R. and {Chester}, T. and {Elias}, J. and 
	{Huchra}, J. and {Liebert}, J. and {Lonsdale}, C. and {Monet}, D.~G. and 
	{Price}, S. and {Seitzer}, P. and {Jarrett}, T. and {Kirkpatrick}, J.~D. and 
	{Gizis}, J.~E. and {Howard}, E. and {Evans}, T. and {Fowler}, J. and 
	{Fullmer}, L. and {Hurt}, R. and {Light}, R. and {Kopan}, E.~L. and 
	{Marsh}, K.~A. and {McCallon}, H.~L. and {Tam}, R. and {Van Dyk}, S. and 
	{Wheelock}, S.},
    title = "{The Two Micron All Sky Survey (2MASS)}",
  journal = {\aj},
 keywords = {Catalogs, Infrared: General, Surveys},
     year = 2006,
    month = feb,
   volume = 131,
    pages = {1163-1183},
      doi = {10.1086/498708},
   adsurl = {http://adsabs.harvard.edu/abs/2006AJ....131.1163S},
  adsnote = {Provided by the SAO/NASA Astrophysics Data System}
}

@misc{2mass,
  doi = {10.26131/IRSA2},
  url = {https://catcopy.ipac.caltech.edu/dois/doi.php?id=10.26131/IRSA2},
  author = {{Skrutskie}, M.~F. and {Cutri}, R.~M. and {Stiening}, R. and 
	{Weinberg}, M.~D. and {Schneider}, S. and {Carpenter}, J.~M. and 
	{Beichman}, C. and {Capps}, R. and {Chester}, T. and {Elias}, J. and 
	{Huchra}, J. and {Liebert}, J. and {Lonsdale}, C. and {Monet}, D.~G. and 
	{Price}, S. and {Seitzer}, P. and {Jarrett}, T. and {Kirkpatrick}, J.~D. and 
	{Gizis}, J.~E. and {Howard}, E. and {Evans}, T. and {Fowler}, J. and 
	{Fullmer}, L. and {Hurt}, R. and {Light}, R. and {Kopan}, E.~L. and 
	{Marsh}, K.~A. and {McCallon}, H.~L. and {Tam}, R. and {Van Dyk}, S. and 
	{Wheelock}, S.},
  title = {2MASS All-Sky Point Source Catalog},
  publisher = {IPAC},
  year = {2003}
}

@article{Wright2010a,
	Adsnote = {Provided by the SAO/NASA Astrophysics Data System},
	Adsurl = {http://adsabs.harvard.edu/abs/2010AJ....140.1868W},
	Archiveprefix = {arXiv},
	Author = {{Wright}, E.~L. and {Eisenhardt}, P.~R.~M. and {Mainzer}, A.~K. and {Ressler}, M.~E. and {Cutri}, R.~M. and {Jarrett}, T. and {Kirkpatrick}, J.~D. and {Padgett}, D. and {McMillan}, R.~S. and {Skrutskie}, M. and {Stanford}, S.~A. and {Cohen}, M. and {Walker}, R.~G. and {Mather}, J.~C. and {Leisawitz}, D. and {Gautier}, III, T.~N. and {McLean}, I. and {Benford}, D. and {Lonsdale}, C.~J. and {Blain}, A. and {Mendez}, B. and {Irace}, W.~R. and {Duval}, V. and {Liu}, F. and {Royer}, D. and {Heinrichsen}, I. and {Howard}, J. and {Shannon}, M. and {Kendall}, M. and {Walsh}, A.~L. and {Larsen}, M. and {Cardon}, J.~G. and {Schick}, S. and {Schwalm}, M. and {Abid}, M. and {Fabinsky}, B. and {Naes}, L. and {Tsai}, C.-W.},
	Doi = {10.1088/0004-6256/140/6/1868},
	Eid = {1868},
	Eprint = {1008.0031},
	Journal = {\aj},
	Keywords = {infrared: general, space vehicles, surveys},
	Month = dec,
	Pages = {1868-1881},
	Primaryclass = {astro-ph.IM},
	Title = {{The Wide-field Infrared Survey Explorer (WISE): Mission Description and Initial On-orbit Performance}},
	Volume = 140,
	Year = 2010,
	Bdsk-Url-1 = {http://dx.doi.org/10.1088/0004-6256/140/6/1868}}

@ARTICLE{Byler_2017,
       author = {{Byler}, Nell and {Dalcanton}, Julianne J. and {Conroy}, Charlie and {Johnson}, Benjamin D.},
        title = "{Nebular Continuum and Line Emission in Stellar Population Synthesis Models}",
      journal = {\apj},
     keywords = {galaxies: abundances, galaxies: ISM, galaxies: star formation, Astrophysics - Astrophysics of Galaxies},
         year = 2017,
        month = may,
       volume = {840},
       number = {1},
          eid = {44},
        pages = {44},
          doi = {10.3847/1538-4357/aa6c66},
archivePrefix = {arXiv},
       eprint = {1611.08305},
 primaryClass = {astro-ph.GA},
       adsurl = {https://ui.adsabs.harvard.edu/abs/2017ApJ...840...44B},
      adsnote = {Provided by the SAO/NASA Astrophysics Data System}
}

@ARTICLE{Townsley_2019,
       author = {{Townsley}, Dean M. and {Miles}, Broxton J. and {Shen}, Ken J. and {Kasen}, Daniel},
        title = "{Double Detonations with Thin, Modestly Enriched Helium Layers can Make Normal Type Ia Supernovae}",
      journal = {\apjl},
     keywords = {nuclear reactions, nucleosynthesis, abundances, supernovae: general, Astrophysics - Solar and Stellar Astrophysics, Astrophysics - High Energy Astrophysical Phenomena},
         year = 2019,
        month = jun,
       volume = {878},
       number = {2},
          eid = {L38},
        pages = {L38},
          doi = {10.3847/2041-8213/ab27cd},
archivePrefix = {arXiv},
       eprint = {1903.10960},
 primaryClass = {astro-ph.SR},
       adsurl = {https://ui.adsabs.harvard.edu/abs/2019ApJ...878L..38T},
      adsnote = {Provided by the SAO/NASA Astrophysics Data System}
}

@ARTICLE{Meisner_unwise_2018,
       author = {{Meisner}, A.~M. and {Lang}, D. and {Schlegel}, D.~J.},
        title = "{Another unWISE Update: The Deepest Ever Full-sky Maps at 3-5{\,}{\ensuremath{\mu}}m}",
      journal = {Research Notes of the American Astronomical Society},
     keywords = {Astrophysics - Instrumentation and Methods for Astrophysics},
         year = 2018,
        month = jan,
       volume = {2},
       number = {1},
          eid = {1},
        pages = {1},
          doi = {10.3847/2515-5172/aaa4bc},
archivePrefix = {arXiv},
       eprint = {1801.03566},
 primaryClass = {astro-ph.IM},
       adsurl = {https://ui.adsabs.harvard.edu/abs/2018RNAAS...2....1M},
      adsnote = {Provided by the SAO/NASA Astrophysics Data System}
}

@ARTICLE{Woosley_2011,
       author = {{Woosley}, S.~E. and {Kasen}, Daniel},
        title = "{Sub-Chandrasekhar Mass Models for Supernovae}",
      journal = {\apj},
     keywords = {hydrodynamics, instabilities, nuclear reactions, nucleosynthesis, abundances, shock waves, supernovae: general, Astrophysics - High Energy Astrophysical Phenomena},
         year = 2011,
        month = jun,
       volume = {734},
       number = {1},
          eid = {38},
        pages = {38},
          doi = {10.1088/0004-637X/734/1/38},
archivePrefix = {arXiv},
       eprint = {1010.5292},
 primaryClass = {astro-ph.HE},
       adsurl = {https://ui.adsabs.harvard.edu/abs/2011ApJ...734...38W},
      adsnote = {Provided by the SAO/NASA Astrophysics Data System}
}

@ARTICLE{Lucy_1991,
       author = {{Lucy}, L.~B.},
        title = "{Nonthermal Excitation of Helium in Type Ib Supernovae}",
      journal = {\apj},
     keywords = {Helium, Light Curve, Molecular Excitation, Nuclear Fusion, Stellar Spectra, Supernovae, Compton Effect, Spectral Line Width, Stellar Envelopes, Stellar Evolution, Astrophysics, NUCLEOSYNTHESIS, STARS: SUPERNOVAE},
         year = 1991,
        month = dec,
       volume = {383},
        pages = {308},
          doi = {10.1086/170787},
       adsurl = {https://ui.adsabs.harvard.edu/abs/1991ApJ...383..308L},
      adsnote = {Provided by the SAO/NASA Astrophysics Data System}
}

@ARTICLE{Hoeflich_2002,
       author = {{H{\"o}flich}, Peter and {Gerardy}, Christopher L. and {Fesen}, Robert A. and {Sakai}, Shoko},
        title = "{Infrared Spectra of the Subluminous Type Ia Supernova SN 1999by}",
      journal = {\apj},
     keywords = {Infrared: Stars, Stars: Supernovae: Individual: Alphanumeric: SN 1999by, Astrophysics},
         year = 2002,
        month = apr,
       volume = {568},
       number = {2},
        pages = {791-806},
          doi = {10.1086/339063},
archivePrefix = {arXiv},
       eprint = {astro-ph/0112126},
 primaryClass = {astro-ph},
       adsurl = {https://ui.adsabs.harvard.edu/abs/2002ApJ...568..791H},
      adsnote = {Provided by the SAO/NASA Astrophysics Data System}
}

@ARTICLE{Li_02cx_2003,
       author = {{Li}, Weidong and {Filippenko}, Alexei V. and {Chornock}, Ryan and {Berger}, Edo and {Berlind}, Perry and {Calkins}, Michael L. and {Challis}, Peter and {Fassnacht}, Chris and {Jha}, Saurabh and {Kirshner}, Robert P. and {Matheson}, Thomas and {Sargent}, Wallace L.~W. and {Simcoe}, Robert A. and {Smith}, Graeme H. and {Squires}, Gordon},
        title = "{SN 2002cx: The Most Peculiar Known Type Ia Supernova}",
      journal = {\pasp},
     keywords = {Stars: Supernovae: General, Stars: Supernovae: Individual: Alphanumeric: SN 1991T, Stars: Supernovae: Individual: Alphanumeric: SN 1991bg, Stars: Supernovae: Individual: Alphanumeric: SN 1994D, Stars: Supernovae: Individual: Alphanumeric: SN 1997br, supernovae: individual (SN 1999ac), supernovae: individual (SN 2000cx), supernovae: individual (SN 2002cx), Astrophysics},
         year = 2003,
        month = apr,
       volume = {115},
       number = {806},
        pages = {453-473},
          doi = {10.1086/374200},
archivePrefix = {arXiv},
       eprint = {astro-ph/0301428},
 primaryClass = {astro-ph},
       adsurl = {https://ui.adsabs.harvard.edu/abs/2003PASP..115..453L},
      adsnote = {Provided by the SAO/NASA Astrophysics Data System}
}

@ARTICLE{Foley_Iax_2013,
       author = {{Foley}, Ryan J. and {Challis}, P.~J. and {Chornock}, R. and {Ganeshalingam}, M. and {Li}, W. and {Marion}, G.~H. and {Morrell}, N.~I. and {Pignata}, G. and {Stritzinger}, M.~D. and {Silverman}, J.~M. and {Wang}, X. and {Anderson}, J.~P. and {Filippenko}, A.~V. and {Freedman}, W.~L. and {Hamuy}, M. and {Jha}, S.~W. and {Kirshner}, R.~P. and {McCully}, C. and {Persson}, S.~E. and {Phillips}, M.~M. and {Reichart}, D.~E. and {Soderberg}, A.~M.},
        title = "{Type Iax Supernovae: A New Class of Stellar Explosion}",
      journal = {\apj},
     keywords = {supernovae: general, supernovae: individual: SN 1991bj SN 1999ax SN 2002bp SN 2002cx SN 2003gq SN 2004cs SN 2004gw SN 2005P SN 2005cc SN 2005hk SN 2006hn SN 2007J SN 2007ie SN 2007qd SN 2008A SN 2008ae SN 2008ge SN 2008ha SN 2009J SN 2009ku SN 2010ae SN 2010el SN 2011ay SN 2011ce SN 2012Z, Astrophysics - Solar and Stellar Astrophysics, Astrophysics - Cosmology and Nongalactic Astrophysics},
         year = 2013,
        month = apr,
       volume = {767},
       number = {1},
          eid = {57},
        pages = {57},
          doi = {10.1088/0004-637X/767/1/57},
archivePrefix = {arXiv},
       eprint = {1212.2209},
 primaryClass = {astro-ph.SR},
       adsurl = {https://ui.adsabs.harvard.edu/abs/2013ApJ...767...57F},
      adsnote = {Provided by the SAO/NASA Astrophysics Data System}
}

@ARTICLE{Ganeshalingam_02es_2012,
       author = {{Ganeshalingam}, Mohan and {Li}, Weidong and {Filippenko}, Alexei V. and {Silverman}, Jeffrey M. and {Chornock}, Ryan and {Foley}, Ryan J. and {Matheson}, Thomas and {Kirshner}, Robert P. and {Milne}, Peter and {Calkins}, Mike and {Shen}, Ken J.},
        title = "{The Low-velocity, Rapidly Fading Type Ia Supernova 2002es}",
      journal = {\apj},
     keywords = {supernovae: general, supernovae: individual: SN 2002es SN 1999bh, Astrophysics - Cosmology and Nongalactic Astrophysics},
         year = 2012,
        month = jun,
       volume = {751},
       number = {2},
          eid = {142},
        pages = {142},
          doi = {10.1088/0004-637X/751/2/142},
archivePrefix = {arXiv},
       eprint = {1202.3140},
 primaryClass = {astro-ph.CO},
       adsurl = {https://ui.adsabs.harvard.edu/abs/2012ApJ...751..142G},
      adsnote = {Provided by the SAO/NASA Astrophysics Data System}
}

@ARTICLE{Miller_2017,
       author = {{Miller}, A.~A. and {Kasliwal}, M.~M. and {Cao}, Y. and {Adams}, S.~M. and {Goobar}, A. and {Kne{\v{z}}evi{\'c}}, S. and {Laher}, R.~R. and {Lunnan}, R. and {Masci}, F.~J. and {Nugent}, P.~E. and {Perley}, D.~A. and {Petrushevska}, T. and {Quimby}, R.~M. and {Rebbapragada}, U.~D. and {Sollerman}, J. and {Taddia}, F. and {Kulkarni}, S.~R.},
        title = "{Color Me Intrigued: The Discovery of iPTF 16fnm, an SN 2002cx-like Object}",
      journal = {\apj},
     keywords = {methods: observational, surveys, supernovae: general, supernovae: individual: SN 2002cx, SN 2005hk, iPTF 16fnm, Astrophysics - High Energy Astrophysical Phenomena, Astrophysics - Solar and Stellar Astrophysics},
         year = 2017,
        month = oct,
       volume = {848},
       number = {1},
          eid = {59},
        pages = {59},
          doi = {10.3847/1538-4357/aa8c7e},
archivePrefix = {arXiv},
       eprint = {1703.07449},
 primaryClass = {astro-ph.HE},
       adsurl = {https://ui.adsabs.harvard.edu/abs/2017ApJ...848...59M},
      adsnote = {Provided by the SAO/NASA Astrophysics Data System}
}

@ARTICLE{Miller_2020,
       author = {{Miller}, A.~A. and {Magee}, M.~R. and {Polin}, A. and {Maguire}, K. and {Zimmerman}, E. and {Yao}, Y. and {Sollerman}, J. and {Schulze}, S. and {Perley}, D.~A. and {Kromer}, M. and {Dhawan}, S. and {Bulla}, M. and {Andreoni}, I. and {Bellm}, E.~C. and {De}, K. and {Dekany}, R. and {Delacroix}, A. and {Fremling}, C. and {Gal-Yam}, A. and {Goldstein}, D.~A. and {Golkhou}, V.~Z. and {Goobar}, A. and {Graham}, M.~J. and {Irani}, I. and {Kasliwal}, M.~M. and {Kaye}, S. and {Kim}, Y. -L. and {Laher}, R.~R. and {Mahabal}, A.~A. and {Masci}, F.~J. and {Nugent}, P.~E. and {Ofek}, E. and {Phinney}, E.~S. and {Prentice}, S.~J. and {Riddle}, R. and {Rigault}, M. and {Rusholme}, B. and {Schweyer}, T. and {Shupe}, D.~L. and {Soumagnac}, M.~T. and {Terreran}, G. and {Walters}, R. and {Yan}, L. and {Zolkower}, J. and {Kulkarni}, S.~R.},
        title = "{The Spectacular Ultraviolet Flash from the Peculiar Type Ia Supernova 2019yvq}",
      journal = {\apj},
     keywords = {Surveys, Supernovae, Type Ia supernovae, White dwarf stars, Observational astronomy, 1671, 1668, 1728, 1799, 1145, Astrophysics - High Energy Astrophysical Phenomena, Astrophysics - Solar and Stellar Astrophysics},
         year = 2020,
        month = jul,
       volume = {898},
       number = {1},
          eid = {56},
        pages = {56},
          doi = {10.3847/1538-4357/ab9e05},
archivePrefix = {arXiv},
       eprint = {2005.05972},
 primaryClass = {astro-ph.HE},
       adsurl = {https://ui.adsabs.harvard.edu/abs/2020ApJ...898...56M},
      adsnote = {Provided by the SAO/NASA Astrophysics Data System}
}

@ARTICLE{Cao_2015,
       author = {{Cao}, Yi and {Kulkarni}, S.~R. and {Howell}, D. Andrew and {Gal-Yam}, Avishay and {Kasliwal}, Mansi M. and {Valenti}, Stefano and {Johansson}, J. and {Amanullah}, R. and {Goobar}, A. and {Sollerman}, J. and {Taddia}, F. and {Horesh}, Assaf and {Sagiv}, Ilan and {Cenko}, S. Bradley and {Nugent}, Peter E. and {Arcavi}, Iair and {Surace}, Jason and {Wo{\'z}niak}, P.~R. and {Moody}, Daniela I. and {Rebbapragada}, Umaa D. and {Bue}, Brian D. and {Gehrels}, Neil},
        title = "{A strong ultraviolet pulse from a newborn type Ia supernova}",
      journal = {\nat},
     keywords = {Astrophysics - Solar and Stellar Astrophysics, Astrophysics - Cosmology and Nongalactic Astrophysics, Astrophysics - High Energy Astrophysical Phenomena},
         year = 2015,
        month = may,
       volume = {521},
       number = {7552},
        pages = {328-331},
          doi = {10.1038/nature14440},
archivePrefix = {arXiv},
       eprint = {1505.05158},
 primaryClass = {astro-ph.SR},
       adsurl = {https://ui.adsabs.harvard.edu/abs/2015Natur.521..328C},
      adsnote = {Provided by the SAO/NASA Astrophysics Data System}
}

@ARTICLE{Ashall_21aefx_2022,
       author = {{Ashall}, C. and {Lu}, J. and {Shappee}, B.~J. and {Burns}, C.~R. and {Hsiao}, E.~Y. and {Kumar}, S. and {Morrell}, N. and {Phillips}, M.~M. and {Shahbandeh}, M. and {Baron}, E. and {Boutsia}, K. and {Brown}, P.~J. and {DerKacy}, J.~M. and {Galbany}, L. and {Hoeflich}, P. and {Krisciunas}, K. and {Mazzali}, P. and {Piro}, A.~L. and {Stritzinger}, M.~D. and {Suntzeff}, N.~B.},
        title = "{A Speed Bump: SN 2021aefx Shows that Doppler Shift Alone Can Explain Early Excess Blue Flux in Some Type Ia Supernovae}",
      journal = {\apjl},
     keywords = {Type Ia supernovae, Supernovae, Time domain astronomy, 1728, 1668, 2109, Astrophysics - High Energy Astrophysical Phenomena},
         year = 2022,
        month = jun,
       volume = {932},
       number = {1},
          eid = {L2},
        pages = {L2},
          doi = {10.3847/2041-8213/ac7235},
archivePrefix = {arXiv},
       eprint = {2205.00606},
 primaryClass = {astro-ph.HE},
       adsurl = {https://ui.adsabs.harvard.edu/abs/2022ApJ...932L...2A},
      adsnote = {Provided by the SAO/NASA Astrophysics Data System}
}

@ARTICLE{Hosseinzadeh_21aefx_2022,
       author = {{Hosseinzadeh}, Griffin and {Sand}, David J. and {Lundqvist}, Peter and {Andrews}, Jennifer E. and {Bostroem}, K. Azalee and {Dong}, Yize and {Janzen}, Daryl and {Jencson}, Jacob E. and {Lundquist}, Michael and {Meza Retamal}, Nicolas E. and {Pearson}, Jeniveve and {Valenti}, Stefano and {Wyatt}, Samuel and {Burke}, Jamison and {Howell}, D. Andrew and {McCully}, Curtis and {Newsome}, Megan and {Gonzalez}, Estefania Padilla and {Pellegrino}, Craig and {Terreran}, Giacomo and {Kwok}, Lindsey A. and {Jha}, Saurabh W. and {Strader}, Jay and {Kundu}, Esha and {Ryder}, Stuart D. and {Haislip}, Joshua and {Kouprianov}, Vladimir and {Reichart}, Daniel E.},
        title = "{Constraining the Progenitor System of the Type Ia Supernova 2021aefx}",
      journal = {\apjl},
     keywords = {Binary stars, Supernovae, Type Ia supernovae, White dwarf stars, 154, 1668, 1728, 1799, Astrophysics - High Energy Astrophysical Phenomena, Astrophysics - Solar and Stellar Astrophysics},
         year = 2022,
        month = jul,
       volume = {933},
       number = {2},
          eid = {L45},
        pages = {L45},
          doi = {10.3847/2041-8213/ac7cef},
archivePrefix = {arXiv},
       eprint = {2205.02236},
 primaryClass = {astro-ph.HE},
       adsurl = {https://ui.adsabs.harvard.edu/abs/2022ApJ...933L..45H},
      adsnote = {Provided by the SAO/NASA Astrophysics Data System}
}

@ARTICLE{Marion_12cg_2016,
       author = {{Marion}, G.~H. and {Brown}, Peter J. and {Vink{\'o}}, Jozsef and {Silverman}, Jeffrey M. and {Sand}, David J. and {Challis}, Peter and {Kirshner}, Robert P. and {Wheeler}, J. Craig and {Berlind}, Perry and {Brown}, Warren R. and {Calkins}, Michael L. and {Camacho}, Yssavo and {Dhungana}, Govinda and {Foley}, Ryan J. and {Friedman}, Andrew S. and {Graham}, Melissa L. and {Howell}, D. Andrew and {Hsiao}, Eric Y. and {Irwin}, Jonathan M. and {Jha}, Saurabh W. and {Kehoe}, Robert and {Macri}, Lucas M. and {Maeda}, Keiichi and {Mandel}, Kaisey and {McCully}, Curtis and {Pandya}, Viraj and {Rines}, Kenneth J. and {Wilhelmy}, Steven and {Zheng}, Weikang},
        title = "{SN 2012cg: Evidence for Interaction Between a Normal Type Ia Supernova and a Non-degenerate Binary Companion}",
      journal = {\apj},
     keywords = {supernovae: general, supernovae: individual: 2012cg, Astrophysics - Solar and Stellar Astrophysics, Astrophysics - High Energy Astrophysical Phenomena},
         year = 2016,
        month = apr,
       volume = {820},
       number = {2},
          eid = {92},
        pages = {92},
          doi = {10.3847/0004-637X/820/2/92},
archivePrefix = {arXiv},
       eprint = {1507.07261},
 primaryClass = {astro-ph.SR},
       adsurl = {https://ui.adsabs.harvard.edu/abs/2016ApJ...820...92M},
      adsnote = {Provided by the SAO/NASA Astrophysics Data System}
}

@ARTICLE{Goobar_2014J_2015,
       author = {{Goobar}, A. and {Kromer}, M. and {Siverd}, R. and {Stassun}, K.~G. and {Pepper}, J. and {Amanullah}, R. and {Kasliwal}, M. and {Sollerman}, J. and {Taddia}, F.},
        title = "{Constraints on the Origin of the First Light from SN 2014J}",
      journal = {\apj},
     keywords = {supernovae: individual: SN 2014J, Astrophysics - High Energy Astrophysical Phenomena},
         year = 2015,
        month = jan,
       volume = {799},
       number = {1},
          eid = {106},
        pages = {106},
          doi = {10.1088/0004-637X/799/1/106},
archivePrefix = {arXiv},
       eprint = {1410.1363},
 primaryClass = {astro-ph.HE},
       adsurl = {https://ui.adsabs.harvard.edu/abs/2015ApJ...799..106G},
      adsnote = {Provided by the SAO/NASA Astrophysics Data System}
}

@ARTICLE{Dimitriadis_18oh_2019,
       author = {{Dimitriadis}, G. and {Foley}, R.~J. and {Rest}, A. and {Kasen}, D. and {Piro}, A.~L. and {Polin}, A. and {Jones}, D.~O. and {Villar}, A. and {Narayan}, G. and {Coulter}, D.~A. and {Kilpatrick}, C.~D. and {Pan}, Y. -C. and {Rojas-Bravo}, C. and {Fox}, O.~D. and {Jha}, S.~W. and {Nugent}, P.~E. and {Riess}, A.~G. and {Scolnic}, D. and {Drout}, M.~R. and {K2 Mission Team} and {Barentsen}, G. and {Dotson}, J. and {Gully-Santiago}, M. and {Hedges}, C. and {Cody}, A.~M. and {Barclay}, T. and {Howell}, S. and {KEGS} and {Garnavich}, P. and {Tucker}, B.~E. and {Shaya}, E. and {Mushotzky}, R. and {Olling}, R.~P. and {Margheim}, S. and {Zenteno}, A. and {Kepler spacecraft Team} and {Coughlin}, J. and {Van Cleve}, J.~E. and {Cardoso}, J. Vin{\'\i}cius de Miranda and {Larson}, K.~A. and {McCalmont-Everton}, K.~M. and {Peterson}, C.~A. and {Ross}, S.~E. and {Reedy}, L.~H. and {Osborne}, D. and {McGinn}, C. and {Kohnert}, L. and {Migliorini}, L. and {Wheaton}, A. and {Spencer}, B. and {Labonde}, C. and {Castillo}, G. and {Beerman}, G. and {Steward}, K. and {Hanley}, M. and {Larsen}, R. and {Gangopadhyay}, R. and {Kloetzel}, R. and {Weschler}, T. and {Nystrom}, V. and {Moffatt}, J. and {Redick}, M. and {Griest}, K. and {Packard}, M. and {Muszynski}, M. and {Kampmeier}, J. and {Bjella}, R. and {Flynn}, S. and {Elsaesser}, B. and {Pan-STARRS} and {Chambers}, K.~C. and {Flewelling}, H.~A. and {Huber}, M.~E. and {Magnier}, E.~A. and {Waters}, C.~Z. and {Schultz}, A.~S.~B. and {Bulger}, J. and {Lowe}, T.~B. and {Willman}, M. and {Smartt}, S.~J. and {Smith}, K.~W. and {DECam} and {Points}, S. and {Strampelli}, G.~M. and {ASAS-SN} and {Brimacombe}, J. and {Chen}, P. and {Mu{\~n}oz}, J.~A. and {Mutel}, R.~L. and {Shields}, J. and {Vallely}, P.~J. and {Villanueva}, S., Jr. and {PTSS/TNTS} and {Li}, W. and {Wang}, X. and {Zhang}, J. and {Lin}, H. and {Mo}, J. and {Zhao}, X. and {Sai}, H. and {Zhang}, X. and {Zhang}, K. and {Zhang}, T. and {Wang}, L. and {Zhang}, J. and {Baron}, E. and {DerKacy}, J.~M. and {Li}, L. and {Chen}, Z. and {Xiang}, D. and {Rui}, L. and {Wang}, L. and {Huang}, F. and {Li}, X. and {Cumbres Observatory}, Las and {Hosseinzadeh}, G. and {Howell}, D.~A. and {Arcavi}, I. and {Hiramatsu}, D. and {Burke}, J. and {Valenti}, S. and {ATLAS} and {Tonry}, J.~L. and {Denneau}, L. and {Heinze}, A.~N. and {Weiland}, H. and {Stalder}, B. and {Konkoly} and {Vink{\'o}}, J. and {S{\'a}rneczky}, K. and {P{\'a}l}, A. and {B{\'o}di}, A. and {Bogn{\'a}r}, Zs. and {Cs{\'a}k}, B. and {Cseh}, B. and {Cs{\"o}rnyei}, G. and {Hanyecz}, O. and {Ign{\'a}cz}, B. and {Kalup}, Cs. and {K{\"o}nyves-T{\'o}th}, R. and {Kriskovics}, L. and {Ordasi}, A. and {Rajmon}, I. and {S{\'o}dor}, A. and {Szab{\'o}}, R. and {Szak{\'a}ts}, R. and {Zsidi}, G. and {ePESSTO} and {Williams}, S.~C. and {Nordin}, J. and {Cartier}, R. and {Frohmaier}, C. and {Galbany}, L. and {Guti{\'e}rrez}, C.~P. and {Hook}, I. and {Inserra}, C. and {Smith}, M. and {Arizona}, University of and {Sand}, D.~J. and {Andrews}, J.~E. and {Smith}, N. and {Bilinski}, C.},
        title = "{K2 Observations of SN 2018oh Reveal a Two-component Rising Light Curve for a Type Ia Supernova}",
      journal = {\apjl},
     keywords = {supernovae: general, supernovae: individual: SN 2018oh, Astrophysics - High Energy Astrophysical Phenomena},
         year = 2019,
        month = jan,
       volume = {870},
       number = {1},
          eid = {L1},
        pages = {L1},
          doi = {10.3847/2041-8213/aaedb0},
archivePrefix = {arXiv},
       eprint = {1811.10061},
 primaryClass = {astro-ph.HE},
       adsurl = {https://ui.adsabs.harvard.edu/abs/2019ApJ...870L...1D},
      adsnote = {Provided by the SAO/NASA Astrophysics Data System}
}

@ARTICLE{Hosseinzadeh_17cbv_2017,
       author = {{Hosseinzadeh}, Griffin and {Sand}, David J. and {Valenti}, Stefano and {Brown}, Peter and {Howell}, D. Andrew and {McCully}, Curtis and {Kasen}, Daniel and {Arcavi}, Iair and {Bostroem}, K. Azalee and {Tartaglia}, Leonardo and {Hsiao}, Eric Y. and {Davis}, Scott and {Shahbandeh}, Melissa and {Stritzinger}, Maximilian D.},
        title = "{Early Blue Excess from the Type Ia Supernova 2017cbv and Implications for Its Progenitor}",
      journal = {\apjl},
     keywords = {supernovae: general, supernovae: individual: SN 2017cbv, Astrophysics - High Energy Astrophysical Phenomena, Astrophysics - Solar and Stellar Astrophysics},
         year = 2017,
        month = aug,
       volume = {845},
       number = {2},
          eid = {L11},
        pages = {L11},
          doi = {10.3847/2041-8213/aa8402},
archivePrefix = {arXiv},
       eprint = {1706.08990},
 primaryClass = {astro-ph.HE},
       adsurl = {https://ui.adsabs.harvard.edu/abs/2017ApJ...845L..11H},
      adsnote = {Provided by the SAO/NASA Astrophysics Data System}
}

@ARTICLE{Jiang_20hvf_2021,
       author = {{Jiang}, Ji-an and {Maeda}, Keiichi and {Kawabata}, Miho and {Doi}, Mamoru and {Shigeyama}, Toshikazu and {Tanaka}, Masaomi and {Tominaga}, Nozomu and {Nomoto}, Ken'ichi and {Niino}, Yuu and {Sako}, Shigeyuki and {Ohsawa}, Ryou and {Schramm}, Malte and {Yamanaka}, Masayuki and {Kobayashi}, Naoto and {Takahashi}, Hidenori and {Nakaoka}, Tatsuya and {Kawabata}, Koji S. and {Isogai}, Keisuke and {Aoki}, Tsutomu and {Kondo}, Sohei and {Mori}, Yuki and {Arimatsu}, Ko and {Kasuga}, Toshihiro and {Okumura}, Shin-ichiro and {Urakawa}, Seitaro and {Reichart}, Daniel E. and {Taguchi}, Kenta and {Arima}, Noriaki and {Beniyama}, Jin and {Uno}, Kohki and {Hamada}, Taisei},
        title = "{Discovery of the Fastest Early Optical Emission from Overluminous SN Ia 2020hvf: A Thermonuclear Explosion within a Dense Circumstellar Environment}",
      journal = {\apjl},
     keywords = {1668, 1728, 2109, 1851, 1799, Astrophysics - High Energy Astrophysical Phenomena, Astrophysics - Solar and Stellar Astrophysics},
         year = 2021,
        month = dec,
       volume = {923},
       number = {1},
          eid = {L8},
        pages = {L8},
          doi = {10.3847/2041-8213/ac375f},
archivePrefix = {arXiv},
       eprint = {2111.09470},
 primaryClass = {astro-ph.HE},
       adsurl = {https://ui.adsabs.harvard.edu/abs/2021ApJ...923L...8J},
      adsnote = {Provided by the SAO/NASA Astrophysics Data System}
}

@ARTICLE{Iben_1987,
       author = {{Iben}, Icko, Jr. and {Nomoto}, Ken'ichi and {Tornambe}, Amedeo and {Tutukov}, Alexander V.},
        title = "{On Interacting Helium Star--White Dwarf Pairs as Supernova Precursors}",
      journal = {\apj},
     keywords = {B Stars, Binary Stars, Carbon Stars, Stellar Mass Accretion, Supernova Remnants, White Dwarf Stars, Helium, Mass Transfer, Nuclear Fusion, Stellar Evolution, Stellar Interiors, Astrophysics, NUCLEOSYNTHESIS, STARS: ACCRETION, STARS: BINARIES, STARS: INTERIORS, STARS: SUPERNOVAE, STARS: WHITE DWARFS},
         year = 1987,
        month = jun,
       volume = {317},
        pages = {717},
          doi = {10.1086/165318},
       adsurl = {https://ui.adsabs.harvard.edu/abs/1987ApJ...317..717I},
      adsnote = {Provided by the SAO/NASA Astrophysics Data System}
}

@INCOLLECTION{Jerkstrand_2017,
       author = {{Jerkstrand}, Anders},
        title = "{Spectra of Supernovae in the Nebular Phase}",
     keywords = {Physics, Astrophysics - High Energy Astrophysical Phenomena, Astrophysics - Solar and Stellar Astrophysics},
    booktitle = {Handbook of Supernovae},
         year = 2017,
       editor = {{Alsabti}, Athem W. and {Murdin}, Paul},
        pages = {795},
          doi = {10.1007/978-3-319-21846-5_29},
       adsurl = {https://ui.adsabs.harvard.edu/abs/2017hsn..book..795J},
      adsnote = {Provided by the SAO/NASA Astrophysics Data System}
}

